@article {Green2014,
title   = {The Emergence of Perovskite Solar Cells},
author  = {Green, M. and Ho-Baillie, A. and Snaith, H. J.},
journal = {Nature Photonics},
volume  = {8},
pages   = {506},
year    = {2014}
}

@article{Gratzel2014,
title   = {The Light and Shade of Perovskite Solar Cells},
author  = {Gr\"atzel, M.},
journal = {Nature Materials},
volume  = {13},
pages   = {838},
year    = {2014}
}

@article{Sum2014,
title    = {Advancements in Perovskite Solar Cells: Photophysics Behind the Photovoltaics},
author   = {Sum, T. C. and Mathews, N.},
journal  = {Energ. Environ. Sci.},
volume   = {7},
pages    = {2518},
year     = {2014}
}

@article{Gao2014,
title    = {Organohalide Lead Perovskites for Photovoltaic Applications},
author   = {Gao, P. and Gr\"atzel, M. and Nazeeruddin, Md. K.},
journal  = {Energ. Environ. Sci.},
volume   = {7},
pages    = {2448},
year     = {2014}
}

@article{Green2015,
title    = {Solar Cell Efficiency Tables (Version 45)},
author   = {Green, M. A. and Emery, K. and Hishikawa, Y. and Warta, W. and Dunlop, E. D.},
journal  = {Progress in Photovoltaics},
volume   = {23},
number   = {1},
pages    = {1},
year     = {2015}
}

@article{Sandhanala2015,
title    = {Electroluminescence from Organometallic Lead Halide Perovskite-Conjugated Polymer Diodes},
author   = {Sandhanala, A. and Kumar, A. and Pathak, S. and Rao, A. and Steiner, U. and Greenham, N. C. and Snaith, H. J. and Friend, R. H.},  
journal  = {Adv. Electron. Mater.},
volume   = {1},
number   = {3},
pages    = {1500008},
year     = {2015}
}

@article{Tan2014, 
title    = {Bright Light-Emitting Diodes Based on Organometal Halide Perovskite},
author   = {Tan, Z.-K. and Moghaddam, R. S. and Lai, M. L. and Docampo, P. and Higler, R. and Deschler, F. and Price, M. and Sandhanala, A. and Pazos, L. M. and Credgington, D. and Hanusch, F. and Bein, T. and Snaith, H. J. and Friend, R. H.},
journal  = {Nature Nanotechnology},
volume   = {9},
pages    = {687},
year     = {2014}
}

@article{Mei2015,
title    = {Electrostatic Gating of Hybrid Halide Perovskite Field-Effect Transistors:
Balanced Ambipolar Transport at Room-Temperature},
author   = {Mei, Y. and Jurchescu, O. D. and Zhang, C. and Vardeny, Z. V. },
journal  = {MRS. Commun.},
doi      = {10.1557/mrc.2015.21},
year     = {2015}
}

@article{Kagan1999,
title    = {Organic-Inorganic Hybrid Materials as Semiconducting Channels in Thin-Film Field-Effect Transistors},
author   = {Kagan, C. R. and Mitzi, D. B. and Dimitrakopoulos, C. D.},
journal  = {Science},
volume   = {286},
number   = {5441},
pages    = {945},
year     = {1999}
}

@article{Priante2015,
title    = {The Recombination Mechanisms Leading to Amplified Spontaneous Emission at the True-Green Wavelength in CH$_3$NH$_3$PbBr$_3$ Perovskites},
author   = {Priante, D. and Dursun, I. and Alias, M. S. and Shi, D. and Melnikov, V. A. and Ng, T. K. Mohammed, O. F. and Bakr, O. M. and Ooi, B. S.},
journal  = {Appl. Phys. Lett.},
volume   = {106}, 
pages    = {081902},
year     = {2015}
}

@article{ORegan1991,
title   = {High-Efficiency Solar Cell Based on Dye Sensitized Colloidal TiO$_2$ Films.},
author  = {O'Regan, B. and Gr\"atzel, M.},
journal = {Nature},
volume  = {353},
pages   = {737-740},
year    = {1991}
}

@article {Lee2012,
title   = {Efficient Hybrid Solar Cells Based on Meso-Superstructured Organometal Halide Perovskites.},
author  = {Lee, M. M. and Teuscher, J. and Miyasaka, T. and Myrakami, T. N. and Snaith, H. J.},
journal = {Science},
volume  = {338},
pages   = {643},
year    = {2012}
}

@article{Kim2012,
title   = {Lead Iodide Perovskite Sensitized All-Solid-State Submicron Thin Film Mesoscopic Solar Cell with Efficiency Exceeding 9\%.},
author  = {Kim, H.-S. and Lee, C. -R. and Im, J.-H. and Lee, K.-B. and Moehl, T. and Marchioro, A. and Moon, S.-J. and Humphry-Baker, R. and Yum, J.-H. and Moser, J. E. and Gr\"atzel, M. and Park, N.-G.},
journal = {Sci. Rep.},
volume  = {2},
pages   = {591},
year    = {2012}
}

@article{Ball2013,
title   = {Low-Temperature Processed Meso-Superstructured to Thin Film Solar Cells},
author  = {Ball, J. M. and Lee, M. M. and Hey, A. and Snaith, H. J.},
journal = {Energ. Environ. Sci.},
volume  = {6},
pages   = {1739},
year    = {2013}
}

@article{He2014,
title   = {High Efficiency Perovskite Solar Cells: From Complex Nanostructure to Planar Heterojunction},
author  = {He, M. and Zheng, D. and Wang, M. and Lin, C. and Lin, Z.},
journal = {J. Mater. Chem. A},
volume  = {2},
pages   = {5994},
year    = {2014}
}

@article{Liu2013,
title   = {Efficient Planar Heterojunction Perovskite Solar Cells by Vapour Deposition},
author  = {Liu, M. and Johnston, M. B. and Snaith, H. J.},
journal = {Nature},
volume  = {501},
pages   = {395},
year    = {2013}
}

@article {Liu2014,
title   = {Perovskite Solar Cells with a Planar Heterojunction Structure Prepared Using Room-Temperature Solution Processing Techniques},
author  = {Liu, D. and Kelly, T. L.},
journal = {Nature. Photon.},
volume  = {8},
pages   = {133},
year    = {2014}
}

@article{Giovanni2015,
title   = {Highly Spin-Polarized Carrier Dynamics and Ultralarge Photoinduced Magnetization in CH3NH3PbI3 Perovskite Thin Films},
author  = {Giovanni, D. and Ma, H. and Chua, J. and Gr\"atzel, M. and Ramesh, R. and Mhaisalkar, S. and Mathews, N. and Sum, T. C.},
journal = {Nano Lett.}, 
volume  = {15},
number  = {3},
pages   = {1553},
year    = {2015}
}

@article{Aharon2014,
title   = {Hybrid Lead Halide Iodide and Lead Halide Bromide in Efficient Hole Conductor Free Perovskite Solar Cell},
author  = {Aharon, S. and Cohen, B. E. and Etgar, L.},
journal = {J. Phys. Chem. C},
volume  = {118},
number  = {30},
pages   = {17160},
year    = {2014}
}

@article{Burschka2013,
title   = {Sequential Deposition as a Route to High-Performance Perovskite-Sensitized Solar Cells},
author  = {Burschka, J. and Pellet, N. and Moon, S.-J. and Humphry-Baker, R. and Gao, P. and Nazeeruddin, Md. K. and Gr\"atzel, M. },
journal = {Nature},
volume  = {499},
pages   = {316},
year    = {2013}
}

@article{Zheng2015,
title   = {Morphology Control of the Perovskite Films for Efficient Solar Cells},
author  = {Zheng, L. and Zhang, D. and Ma, Y. and Lu, Z. and Chen, Z. and Wang, S. and Xiao, L. and Gong, Q.},
journal = {Dalton Transactions},
doi     = {10.1039/c4dt03869j},
year    = {2015}
}

@article{Nie2015,
title   = {High-Efficiency Solution-Processed Perovskite Solar Cells with Milimeter-Scale Grains},
author  = {Nie, W. and Tsai, H. and Asadpour, R. and Blancon, J.-C. and Neukrich, A. J. and Gupta, G. and Crochet, J. J. and Chhowalla, M. and Tretiak, S. and Alam, M. A. and Wang, H.-L. and Mohite, A. D.},
journal = {Science},
volume  = {347},
number  = {6221},
pages   = {522},
year    = {2015}
}

@article {Pellet2014,
title   = {Mixed-Organic-Cationic Perovskite Photovoltaics for Enhanced Solar-Light Harvesting},
author  = {Pellet, N. and Gao, P. and Gregori, G. and Yang, T.-Y. and Nazeerrudin, Md. K. and Maier, J. and Gr\"atzel, M.},
journal = {Angew. Chem.},
volume  = {53},
pages   = {3151},
year    = {2014}
}

@article {Eperon2014,
title   = {Formamidinium Lead Trihalide: A Broadly Tunable Perovskite Heterojunction Solar Cells},
author  = {Eperon, G. E. and Stranks, S. D. and Menelaou, C. and Johnston, M. and Hertz, L. M. and Snaith, H. J.},
journal = {Energ. Environ. Sci.},
volume  = {7},
pages   = {982},
year    = {2014}
}

@article{Hao2014-1,
title   = {Lead-Free Solid-State Organic-Inorganic Halide Perovskite Solar Cells},
author  = {Hao, F. and Stoumpos, C. C. and Cao, D. H. and Chang, R. P. H. and Kanatzidis, M. G.},
journal = {Nature Photonics},
volume  = {8},
pages   = {489},
year    = {2014}
}

@article{Hao2014-2,
title   = {Anomalous Band Gap Behavior in Mixed Sn and Pb Perovskites Enables Broadening of the Absorbtion Spectrum in Solar Cells},
author  = {Hao, F. and Stoumpos, C. C. and Chan, R. P. H. and Kanatzidis, M. G.},
journal = {J. Am. Chem. Soc.},
volume  = {136},
number  = {22},
pages   = {8094},
year    = {2014}
}

@article {Noh2013,
title   = {Chemical Management for Colorful, Efficient and Stable Inorganic-Organic Hybrid Nanostructured Solar Cells},
author  = {Noh, J. H. and Im, S. H. and Heo, J. H. end Mandal, T. N. and Seok, S. I.},
journal = {Nano Lett.},
volume  = {13},
number  = {4},
pages   = {1764},
year    = {2013}
}

@article {Filip2014-1,
title   = {Steric Engineering of Metal-Halide Perovskites with Tunable Optical Band Gaps},
author  = {Filip, M. R. and Eperon, G. and Snaith, H. J. and Giustino, F.},
journal = {Nature Commun.},
volume  = {5},
pages   = {5757},
year    = {2014}
}

@article{Jeon2015,
title   = {Compositional Engineering of Perovskite Materials for High-Performance Solar Cells},
author  = {Jeon, N. J. and Noh, J. H. and Yang, W. S. and Kim, Y. C. and Ryu, S. and Seo, J. and Seok, S. I.},
journal = {Nature},
volume  = {517},
pages   = {476},
year    = {2015}
}

@article{Poglitsch1987,
title   = {Dynamic Disorder in Methylammoniumtrihalogenoplumbates (II) Observed by Millimeter-Wave Spectroscopy},
author  = {Poglitsch, A. and Weber, D.},
journal = {J. Chem. Phys.},
volume  = {87},
pages   = {6373},
year    = {1987}
}

@article {Stoumpos2013,
title   = {Semiconducting Tin and Lead Iodide Perovskites with Organic Cations: Phase Transitions, High Mobilities, and Near-Infrared Photoluminescent Properties},
author  = {Stoumpos, C. C. and Malliakas, C. D. and Kanatzidis, M. G.},
journal = {Inorg. Chem.},
volume  = {52},
pages   = {9019},
year    = {2013}
}

@article {Baikie2013,
title   = {Synthesis and Crystal Chemistry of the Hybrid Perovskite (CH$_3$NH$_3$PbI$_3$) for Solid-State Sensitized Solar Applications.},
author  = {Baikie, T. and Fang, Y. and Kadro, J. M. and Schreyer, M. and Wei, F. and Mhaisalkar, S. G. and Gr\"atzel, M. and White, T. J.},
journal = {J. Chem. Mater. A},
volume  = {1},
pages   = {5628},
year    = {2013}
}

@article{Menendez-Proupin2014,
title    = {Self-Consistent Relativistic Band Structure of the CH$_3$NH$_3$PbI$_3$ Perovskite},
author   = {Men\'endez-Proupin, E. and Palacios, P. and Wahn\'on, P. and Conesa, J. C.},
journal  = {Phys. Rev. B},
volume   = {90},
pages    = {045207},
year     = {2014}
}

@article{Carignano2015,
title    = {Thermal Effects on CH$_3$NH$_3$PbI$_3$ Perovskite from Ab Initio Molecular Dynamics Simulations},
author   = {Carignano, M. A. and Kachmar, A.}, 
journal  = {J. Phys. Chem. C},
volume   = {119},
number   = {17},
pages    = {8991},
year     = {2015}
}

@article{Mosconi2014,
title    = {Structural and Electronic Properties of Organo-Halide Lead Perovskites: a Combined IR-Spectroscopy and Ab Initio Molecular Dynamics Investigation},
author   = {Mosconi, E. and Quarti, C. and Ivanovska, T. and Ruani, G. and De Angelis, F.},
journal  = {Phys. Chem. Chem. Phys.},
volume   = {16},
pages    = {16137},
year     = {2014}
}

@article{Motta2015,
title    = {Revealing the Role of Organic Cations in Hybrid Halide Perovskite CH$_3$NH$_3$PbI$_3$},
author   = {Motta, C. and El-Mellouhi, F. and Kais, S. and Tabet, N. and Alharbi, F. and Sanvito, S.},
journal  = {Nature Commun.},
volume   = {6},
pages    = {7026},
year     = {2015}
}

@article{Baikie2015,
title    = {A Combined Single Crystal Neutron/X-Ray Diffraction and Solid-State Nuclear Magnetic Resonance Study of the Hybrid Perovskites CH$_3$NH$_3$PbX$_3$ (X = I, Br and Cl)},
author   = {Baikie, T. and Barrow, N. S. and Fang, Y. and Keenan, P. J. and Slater, P. R. and Piltz, R. O. and Gutmann, M. and Mhaisalkar, S. and White, T. J.},
journal  = {J. Mat. Chem. A},
volume   = {3},
pages    = {9298},
year     = {2015}
}

@article{Choi2014,
title    = {Structure of Methylammonium Lead Iodide Within Mesoporous Titanium Dioxide: Active Material in High-Performance Perovskite Solar Cells},
author   = {Choi, J. J. and Yang, X. and Norman, Z. M. and Billinge, S. J. L. and Owen, J. S.},
journal  = {Nano Lett.},
volume   = {14},
pages    = {127},
year     = {2014}
}

@article{Mosconi2013,
title   = {First-Principles Modeling of Mixed Halide Organometal Perovskite of Photovoltaic Applications},
author  = {Mosconi, E. and Amat, A. and Nazeeruddin, Md. K. and Gr\"atzel, M. and De Angelis, F.},
journal = {J. Phys. Chem. C},
pages   = {117},
number  = {27},
year    = {2013}
}

@article {Even2013,
title   = {Importance of Spin-Orbit Coupling in Hybrid Organic/Inorganic Perovskites for Photovoltaic Applications},
author  = {Even, J. and Pedesseau, L. and Jancu, J.-M. and Katan, C.},
journal = {J. Phys. Chem. Lett.},
volume  = {4},
pages   = {2999},
year    = {2013}
}

@article{Weller2015,
title   = {Complete Structure and Cation Orientation in the Perovskite Photovoltaic Methylammonium Lead Iodide Between 100 and 352 K},
author  = {Weller, M. T. and Weber, O. J. and Henry, P. F. and Di Pumpo, A. M. and Hansen, H. C.},
journal = {Chem. Commun.},
volume  = {51},
pages   = {4180},
year    = {2015}
}

@article {Brivio2014,
title   = {Relativistic Quasiparticle Self-Consistent Electronic Structure of Hybrid Halide Perovskite Photovoltaic Absorbers},
author  = {Brivio, F. and Butler, K. T. and Walsh, A. and van Schilfgaarde, M.},
journal = {Phys. Rev. B},
volume  = {89},
pages   = {155204},
year    = {2014}
}

@article{Stroppa2014,
title   = {Tunable Ferroelectric Polarization and its Interplay with Spin-Orbit Coupling in Tin Iodide Perovskites},
author  = {Stroppa, A. and Di Sante, D. and Barone, P. and Bokdam, M. and Kresse, G. and Franchini, C. and Whangbo, M.-H. and Picozzi, S.},
journal = {Nature Commun.},
volume  = {5},
pages   = {5900},
year    = {2014}
}

@article{Kim2014,
title   = {Switchable S = 1/2 and J = 1/2 Rashba Bands in Ferroelectric Halide Perovskites},
author  = {Kim, M. and Im, J. and Freeman, A. J. and Ihm, J. and Jin, H.},
journal = {Proc. Nat. Acad. Sci.},
volume  = {111},
number  = {19},
pages   = {6900},
year 	= {2014}
}

@article{Zhang2014,
title   = {Hidden Spin Polarization in Inversion-Symmetric Bulk Crystals},
author  = {Zhang, X. and Liu, Q. and Luo, J.-W. and Freeman, A. J. and Zunger A.},
journal = {Nature Physics},
volume  = {10},
pages   = {387},
year    = {2014}
}

@article{Galli2014,
title   = {Perovskites for Solar Thermoelectric Applications: a First Principle Study of CH3NH3AI3 (A = Pb and Sn)},
author  = {He, Y. and Galli, G.},
journal = {Chem. Mater.},
volume  = {26},
number  = {18},
pages   = {5394},
year    = {2014}
}

@article{Schultz2014, 
title   = {Interface Energetics in Organo-Metal Halide Perovskite-Based Photovoltaic Cells},
author  = {Schultz, P. and Edri, E. and Kirmayer, S. and Hodes, G. and Cahen, D. and Kahn, A.},
journal = {Energ. Environ. Sci.},
volume  = {7},
pages   = {1377},
year    = {2014}
}

@article{Schultz2015,
title   = {Electronic Level Alignment in Inverted Organometal Perovskite Solar Cells},
author  = {Schultz, P. and Whittaker-Brooks, L. L. and MacLeod, B. A. and Olson, D. C. and Loo, Y.-L. and Kahn, A.},
journal = {Adv. Mater. Interfaces},
volume  = {2},
number  = {7},
year    = {2015}
}

@article{Miller2014,
title   = {Substrate-Controlled Band Positions in CH$_3$NH$_3$PbI$_3$ Perovskite Films},
author  = {Miller, E. M. and Zhao, Y. and Mercado, C. C. and Saha, S. K. and Luther, J. M. and Zhu, K. and Stevanovic, V. and Perkins, C. L. and van der Lagemaat, J.},
journal = {Phys. Chem. Chem. Phys.},
volume  = {16},
pages   = {22122},
year    = {2014}
}

@article{Filippetti2014, 
title   = {Radiative Recombination and Photoconversion of Methylammonium Lead Iodide Perovskite by First Principles: Properties of an Inorganic Semiconductor within a Hybrid Body},
author  = {Filippetti, A. and Delugas, P. and Mattoni, A.},
journal = {J. Phys. Chem. C},
volume  = {118},
number  = {43},
pages   = {24843},
year    = {2014}
}

@article {Dinnocenzo2014,
title   = {Excitons Versus Free Charges in Organo-Lead Tri-Halide Perovskites},
author  = {D'Innocenzo, V. and Grancini, G. and Alcocer, M. J. P. and Kandada, A. R. S. and Stranks, S. D. and Lee, M. M. and Lanzani, G. and Snaith, H. J. and Petrozza, A.},
journal = {Nature Commun.},
volume  = {5},
pages   = {3586},
year    = {2014}
}

@article{Hohenberg,
title   = {Inhomogeneous Electron Gas},
author  = {Hohenberg, P. and Kohn, W.},
journal = {Phys. Rev.},
volume  = {136},
pages   = {B864},
year    = {1964}
}

@article{Hedin,
title   = {New Method for Calculating the One-Particle Green's Function with Application to the Electron-Gas Problem},
author  = {Hedin, L.},
journal = {Phys. Rev.},
volume  = {139},
pages   = {A796},
year    = {1965}
}

@article{Schilfe2006,
title   = {Quasiparticle Self-Consistent GW Theory},
author  = {van Schilfgaarde, M. and Kotani, T. and Faleev, S.},
journal = {Phys. Rev. Lett.},
volume  = {96},
pages   = {226402},
year    = {2006}
}

@article{Umari2014,
title   = {Relativistic GW Calculations on CH$_3$NH$_3$Pb$_3$ and CH$_3$NH$_3$SnI$_3$ Perovskites for Solar Cell Applications},
author  = {Umari, P. and Mosconi, E. and De Angelis, F.},
journal = {Sci. Rep.},
volume  = {4},
pages   = {4467},
year    = {2014}
}

@article {Filip2014-2,
title   = {GW Quasiparticle Band Gap of the Hybrid Organic-Inorganic Perovskite CH3NH3PbI3: Effect of Spin-Orbit Interaction, Semicore Electrons, and Self-Consistency},
author  = {Filip, M. R. and Giustino, F.},
journal = {Phys. Rev. B},
volume  = {90},
pages   = {245145},
year    = {2014}
}

@article{Aulbur,
title   = {Quasiparticle Calculations in Solids},
author  = {Aulbur, W. G. and J\"onsson, L and Wilkins, J. W.},
journal = {Solid State Physics},
volume  = {54},
pages   = {1-218},
year    = {2000}
}

@article{Arya1998,
title = {The $GW$ Method},
author = {Aryasetiawan, F. and Gunnarsson, O.},
journal = {Rep. Prog. Phys.},
volume = {61},
pages = {237},
year = {1998}
}

@article {Giustino,
title   = {$GW$ Method with the Self-Consistent Sternheimer Equation},
author  = {Giustino, F. and Cohen, M. L. and Louie, S. G.},
journal = {Phys. Rev. B},
volume  = {81},
pages   = {115105},
year    = {2010}
}

@article{Onida,
author = {Onida, G. and Reining, L. and Rubio, A.},
journal = {Rev. Mod. Phys.},
title = {Electronic Excitations: Density-Functional Versus Many-Body Green's Function Approaches},
volume = {74},
pages  = {601-659},
year = {2002}
}

@article{Hybertsen,
title   = {Electron Correlation in Semiconductors and Insulators: Band Gaps and Quasiparticle Energies},
author  = {Hybertsen, M. S. and Louie, S. G.},
journal = {Phys. Rev. B},
volume  = {34},
pages   = {5390},
year    = {1986}
}

@article{Ceperley,
title   = {Ground State of the Electron Gas by a Stochastic Method},
author  = {Ceperley, D. M. and Alder, B. J.},
journal = {Phys. Rev. Lett.},
volume  = {45},
pages   = {566},
year    = {1980}
}

@article{Adler,
title = {Quantum Theory of the Dielectric Constant in Real Solids},
author = {Adler, S. L.},
journal = {Phys. Rev.},
volume = {126},
number = {2},
pages = {413-420},
year = {1962}
}

@article {Godby,
title   = {Metal-Insulator Transition in Kohn-Sham Theory and Quasiparticle Theory},
author  = {Godby, R. W. and Needs, R. J.},
journal = {Phys. Rev. Lett.},
volume  = {62},
pages   = {1169},
year    = {1989}
}

@article{QE-2009,
title   = {QUANTUM ESPRESSO: A Modular and Open-Source Software Project For Quantum Simulations of Materials},
author  = {Gianozzi, P. and others},
journal = {J. Phys.: Condens. Matter.},
number  = {39},
volume  = {21},
year    = {2009}
}

@article{Rappe,
title   = {Optimized Pseudopotentials},
author  = {Rappe, A. M. and Rabe, K. M. and Kaxiras, E. and Joannopoulos, J. D.},
journal = {Phys. Rev. B},
volume  = {41},
pages   = {1227},
year    = {1990}
}

@article{Vanderbilt,
title   = {Soft Self-Consistent Pseudopotentials in a Generalized Eigenvalue Formalism},
author  = {Vanderbilt, D.},
journal = {Phys. Rev. B},
volume  = {41},
pages   = {7892},
year    = {1990}
}

@article{Louie,
title   = {Nonlinear Ionic Pseudopotentials in Spin-Density-Functional Calculations},
author  = {Louie, S. G. and Froyen, S. and Cohen, M. L.},
journal = {Phys. Rev. B},
volume  = {26},
pages   = {1738},
year    = {1982}
}

@article {TM,
title   = {Efficient Pseudopotentials for Plane-Wave Calculations},
author  = {Troullier, N. and Martins, J. L.},
journal = {Phys. Rev. B},
volume  = {43},
pages   = {1993},
year    = {1991}
}

@article{Stranks2015,
title   = {Metal-Halide Perovskites for Photovoltaic and Light-Emitting Devices},
author  = {Stranks, S. and Snaith, H. J.},
journal = {Nature Nanotechology},
volume  = {10},
pages   = {391},
year    = {2015}
}

@article{Jaramillo-Quintero2015,
title   = {Bright Visible-Infrared Light Emitting Diodes Based on Hybrid Halide
Perovskite with Spiro-OMeTAD as a Hole-Injecting Layer},
author  = {Jaramillo-Quintero, O. A. and Sanchez, R. S. and Rincon, M. and Mora-Sero, I.},
journal = {J. Phys. Chem. Lett.},
volume  = {6},
pages   = {1883},
year    = {2015}
}



@article{Lin2014,
title    = {Electro-Optics of Perovskite Solar Cells},
author   = {Lin, Q. and Armin, A. and Nagiri, R. C. R. and Burn, P. L. and Meredith, P.},
journal  = {Nature Photon.},
doi      = {doi:10.1038/nphoton.2014.284},
year     = {2014}
}

@article{Miyata2015,
title    = {Direct Measurement of the Exciton Binding Energy and Effective Masses for Charge carriers in an Organic-Inorganic Tri-halide Perovskite},
author   = {Miyata, A. and Mitioglu, A and Plochocka, P. and Portugall, O. and Wang, J. T.-W. and Stranks, S. D. and Snaith, H. J. and Nicholas, R. J.},
journal  = {Nature Physics},
doi      = {10.1038/nphys3357},
year     = {2015}
}

@article{Wehrenfennig2014,
title    = {High Charge Carrier Mobilities and Lifetimes in Organolead Trihalide Perovskites},
author   = {Wehrenfennig, C. and Eperon, G. E. and Johnston, M. B. and Snaith, H. J. and Herz, L. M.},
journal  = {Adv. Mater.},
volume   = {26},
pages    = {1584},
year     = {2014}
}

@article{Xing2013,
title   = {Long Range Balanced Electron-and Hole-Transport Lengths in Organic-Inorganic CH$_3$NH$_3$PbI$_3$},
author  = {Xing, G. and Mathews, N. and Sun, S. and Lim, S. S. and Lam, Y. M. and Gr\"atzel, M. and Mhaisalkar, S. and Sum T. C.},
journal = {Science},
volume  = {342},
pages   = {344},
year    = {2013}
}

@article{Stranks2013,
title   = {Electron-Hole Diffusion Length Exceeding 1 Micrometer in an Organometal Trihalide Perovskite Absorber},
author  = {Stranks, S. D. and Grancini, G. E. and Menelaou, G. and Alcocer, C. and Leijtens, M. J. P. and Herzm L. M. and Petrozza, A. and Snaith, H. J.},
journal = {Science},
volume  = {342},
pages   = {341},
year    = {2013}
}

@article{Dong2015, 
title   = {Electron-Hole Diffusion Lengths >175$\mu$m in Solution Grown CH$_3$NH$_3$PbI$_3$ Single Crystals},
author  = {Dong, Q. and Fang, Y. and Shao, Y. and Mulligan, P. and Qiu, J. and Cao, L. and Huang, J.},
journal = {Science},
volume  = {347},
pages   = {967},
year    = {2015}
}

@article {Chang2004,
title   = {First-Principles Study of the Structural and the Electronic Properties of the Lead-Halide-Based Inorganic-Organic Perovskites (CH$_3$NH$_3$)PbX$_3$ and CsPbX$_3$ (X = Cl, Br, I)},
author  = {Chang, Y. H. and Park, C. H. and Matsuishi, K.},
journal = {J. Kor. Phys. Soc.},
volume  = {44},
number  = {4},
pages   = {89},
year    = {2004}
}

@article{Even2015, 
title   = {Solid-State Physics Perspective on Hybrid Perovskite Semiconductors},
author  = {Even, J. and Pedesseau, L. and Katan, C. and Lauret, J.-S. and Sapori, D. and Deleporte, E.},
journal = {J. Phys. Chem. C},
doi     = {10.1021/acs.jpcc.5b00695},
year    = {2015}
}

@article{Frost2014-2,
title   = {Atomistic Origins of High-Performance in Hybrid Halide Perovskite Solar Cells},
author  = {Frost, J. M. and Butler, K. T. and Brivio, F. and Hendon, C. H. and van Schilfgaarde, M. and Walsh, A.},
journal = {Nano Lett.},
volume  = {5},
number  = {14},
pages   = {2584},
year    = {2014}
}

@article {Frost2014-1,
title   = {Molecular Ferroelectric Contributions to Anomalous Hysteresis in Hybrid Perovskite Solar Cells},
author  = {Frost, J. M. and Butler, K. T. and Walsh, A.},
journal = {Appl. Phys. Lett.},
volume  = {2},
number  = {8},
pages   = {081506},
year    = {2014}
}

@article{Arya2009,
title   = {Generalized Hedin Equations and $\sigma G\sigma W$ Approximation for Quantum Many-Body Systems with Spin-Dependent Interactions},
author  = {Aryasetiawan, F. and Biermann, S.},
journal = {J. Phys. Condens. Matter},
volume  = {21},
pages   = {064232},
year    = {2009}
}

@article{Sakuma2011,
title   = {GW Calculations Including Spin-Orbit Coupling: Application to Hg Chalchogenides},
author  = {Sakuma, R. and Friedrich, C. and Miyake, T. and Bl\"ugel, S. and Aryasetiawan, F.},
journal = {Phys. Rev. B},
volume  = {84},
pages   = {085144},
year    = {2011}
}

@article{Arya2008,
title    = {Generalized Hedin's Equations for Quantum Many-Body Systems with Spin-Dependent Interactions},
author   = {Aryasetiawan, F. and Biermann, S.},
journal  = {Phys. Rev. Lett.},
volume   = {100},
pages    = {116402},
year     = {2008}
}

@article{Yambo,
title   = {Yambo: An Ab Initio Tool for Excited State Calculations},
author  = {Marini, A. and Hogan, C. and Gr\"uning, M. and Varsano, D.},
journal = {Comp. Phys. Commun.},
volume  = {180},
pages   = {1392},
year    = {2009}
}

@article{Deschler2014,
title   = {High Photoluminescence Efficiency and Optically Pumped Lasing in Solution-Processed Mixed Halide Perovskite Semiconductors},
author  = {Deschler, F. and Price, M. and Pathak, S. and Klintberg, L. E. and Jarausch, D.-D. and Higler, R. and H\"uttner, S. and Leijtens, T. and Stranks, S. D. and Snaith, H. J. and Atat\"ure, M. and Phillips, R. T. and Friend, R. H.},
journal = {J. Phys. Chem. Lett.},
volume  = {5},
number  = {8},
pages   = {1421},
year    = {2014}
}

@article{Saba2014,
title   = {Correlated Electron-Hole Plasma in Organometal Perovskites},
author  = {Saba, M. and Cadelano, M. and Marongiu, D. and Chen, F. and Sarritzu, V. and Sestu, N. and Figus, C. and Aresti, M. and Piras, R. and Lehmann, A. G. and Cannas, C. and Musinu, A. and Quochi, F. and Mura, A. and Bongiovanni, G.},
journal = {Nature Commun.},
volume  = {5},
pages   = {5049},
year    = {2014}
}

@article{Oshikiri2002,
title   = {Quasiparticle Effective-Mass Theory in Semiconductors},
author  = {Oshikiri, M. and Aryasetiawan, F. and Imanaka, Y. and Kido, G.},
journal = {Phys. Rev. B},
volume  = {66},
pages   = {125204},
year    = {2002}
}

@article{Snaith2010,
title = {Estimating the Maximum Attainable Efficiency in Dye-Sensitized Solar Cells},
author = {Snaith, H. J.},
journal = {Adv. Func. Mater.},
volume = {20},
number = {1},
pages = {13-19},
year = {2010}
}

@article{Shockley,
title   = {Detailed Balance Limit of Efficiency of $p$-$n$ Junction Solar Cells},
author  = {Shockley, W. and Queisser, H. J.},
journal = {J. Appl. Phys.},
volume  = {32},
pages   = {510},
year    = {1961}
}

@misc{NREL,
title  =  {Best Research-Cell Efficiencies},
howpublished = {\url{http://www.nrel.gov/ncpv/images/efficiency_chart.jpg}}
}


@article{Green2015-1,
title = {Photovoltaics: Perovskite Cells Charge Forward},
author = {Green, M. A. and Bein, T.},
journal = {Nature Materials}, 
volume  = {14},
pages  = {559},
year   = {2015}
}

@article{Kojima2009,
title   = {Organometal Halide Perovskites as Visible-Light Sensitizers for Photovoltaic Cells.},
author  = {Kojima, A. and Teshima, K. and Shirai, Y. and Miyasaka T.},
journal = {J. Am. Chem. Soc.},
volume  = {131},
number  = {17},
pages   = {6050},
year    = {2009}
}

@article{Espinosa2015,
title   = {Solution and Vapour Deposited Lead Perovskite Solar Cells: Ecotoxicity from a Life Cycle Assessment Perspective},
author  = {Espinosa, N. and Serrano-Luj\'an, L. and Urbina, A. and Krebs, F. C.},
journal = {Solar Energy Materials and Solar Cells},
volume  = {137},
pages   = {303},
year    = {2015}
}

@article{Perdew,
title   = {Self-Interaction Correction to Density-Functional Approximations for Many-Electrons Systems},
author  = {Perdew, J. P. and Zunger, A.},
journal = {Phys. Rev. B},
volume  = {23},
pages   = {5048},
year    = {1981}
}

@article {Filip2013,
title   = {GW Quasiparticle Band Structures of Stibnite, Antimonselite, Bismuthinite, and Guanajuatite},
author  = {Filip, M. R. and Patrick, C. E. and Giustino, F.},
journal = {Phys. Rev. B},
volume  = {87},
pages   = {205125},
year    = {2013}
}

@article{Pickard2011,
title   = {{\it Ab initio} Random Structure Searching},
author  = {Pickard, C. J. and Needs, R. J.},
journal = {J. Phys. Condens. Matter},
volume  = {23},
number  = {5},
pages   = {053201},
year    = {2011}
}

@article{Curtarolo2013,
title   = {The High-Throughput Highway to Computational Materials Design},
author  = {Curtarolo, S. and Hart, G. L. W. and Nardelli, M. B. and Mingo, N. and Sanvito, S. and Levy, O.},
journal = {Nature Materials},
volume  = {12},
pages   = {191},
year    = {2013}
}

@article{Sun2015,
title   = {Chalcogenide Perovskites for Photovoltaics},
author  = {Sun, Y.-Y. and Agiorgousis, M. L. and Zhang, P. and Zhang, S.},
journal = {Nano Letters},
volume  = {15}, 
number  = {1},
pages   = {581},
year    = {2015}
}

@article{Hao2014,
title   = {Lead-free Solid-State Organic-Inorganic Halide Perovskite Solar Cells},
author  = {Hao, F. and Stoumpos, C. C. and Cao, D. H. and Chang, R. P. H. and Kanatzidis, M. G.},
journal = {Nature Photonics},
volume  = {8},
pages   = {489},
year    = {2014}
}

@article{Mosconi2015,
title   = {Electronic and Optical Properties of Mixed Sn-Pb Organohalide Perovskites: A First Principles Investigations},
author  = {Mosconi, E. and Umari, P and De Angelis, F.},
journal = {J. Mater. Chem. A},
volume  = {3},
pages   = {9208},
year    = {2015}
}

@article{Gong2015, 
title   = {Perovskite Photovoltaics: Life-Cycle Assessment of Energy and Environmental Impacts},
author  = {Gong, J. and Darling, S. B. and You, F.},
journal = {Energ. Environ. Sci},
doi     = {10.1039/C5EE00615E},
year    = {2015}
}

@article{Noel2014, 
title   = {Lead-Free Organic-Inorganic Tin Halide Perovskite for Photovoltaic Applications},
author  = {Noel, N. and Stranks, S. D. and Abate, A. and Wehrenfennig, C. and Guarnera, S. and Haghighirad, A.-A. and Sadhanala, A. and Eperon, G. E. and Pathak, S. K. and Johnston, M. B. and Petrozza, A. and Herz, L. M. and Snaith, H. J.},
journal = {Energ. Environ. Sci},
volume  = {7},
pages   = {3061},
year    = {2014}
}

@article{Hailgenaw2015,
title   = {Rain on Methylammonium Lead Iodide Based Perovskites: Possible Environmental Effects of Perovskite Solar Cells},
author  = {Hailgenau, B. and Kirmayer, S. and Edri, E. and Hodes, G. and Cahen, D.},
journal = {J. Phys. Chem. Lett.},
volume  = {6},
number  = {9},
pages   = {1543},
year    = {2015}
}

@article{Brandt2015,
title   = {Identifying Defect-Tolerant Semiconductors with High Minority Carrier Lifetimes: Beyond Hybrid Lead Halide Perovskites},
author  = {Brandt, R. E. and Stevanovic, V. and Ginley, D. S. and Buonassisi, T.},
journal = {arXiv:1504.02144v2},
year    = {2015}
}

@article{Choudhary2015,
title   = {Identification of Potential Replacement Materials for Lead in CH3NH3PbI3 Using First Principle Calculations},
author  = {Choudhary, K.},
journal = {arxiv:1505.01238},
year    = {2015}
}

@article{Giorgi2015,
title   = {Alternative, Lead-Free, Hybrid Organic-Inorganic Perovskites for Solar Applications: A DFT Analysis},
author  = {Giorgi, G. and Yamashita, K.},
journal = {Chem. Lett.},
volume  = {44},
pages   = {826},
year    = {2015}
}

@article{Kieslich2015,
title   = {An Extended Tolerance Factor Approach for Organic-Inorganic Perovskites},
author  = {Kieslich, G. and Sun, S. and Cheetham, A. K.},
journal = {Chem. Sci.},
volume  = {6},
pages   = {3430},
year    = {2015}
}

@article{Ceder1998,
title   = {Identification of Cathode Materials for Lithium Batteries Guided by First-Principles Calculations},
author  = {Ceder, G. and Chiang, Y.-M. and Sadoway, D. R. and Aydinol, Jang, Y.-I. and Huang, B.},
journal = {Nature},
volume  = {392},
pages   = {694},
year    = {1998}
}

@article{Castelli2014,
title   = {Bandgap Calculations and Trends of Organometal Halide Perovskites},
author  = {Castelli, I. E. and Garc`ia-Lastra, J. M. and Thygesen, K. S. and Jacobsen, K. W.},
journal = {Appl. Phys. Lett. Materials},
volume  = {2},
pages   = {081514},
year    = {2014}
}

@article{Pilania2015,
title   = {Cation Ordering and Effect of Biaxial Strain in Double Perovskite CsRbCaZnCl$_6$},
author  = {Pilania, G. and Uberuaga, B. P.},
journal = {J. Appl. Phys.},
volume  = {117},
pages   = {114103},
year    = {2015}
}

@article{Anisimov1,
title   = {Density-Functional Theory and NiO Photoemission Spectra},
author  = {Anisimov, V. I. and Solovyev, I. V. and Korotin, M. A. and CzyZyk, M. T. and Sawatzky, G. A.},
journal = {Phys. Rev. B},
volume  = {48},
pages   = {16929},
year    = {1993}
}

@article{Anisimov2,
title   = {Band Theory and Mott Insulators: Hubbard U Instead of Stoner I},
author  = {Anisimov, V. I. and Zaanen, J. and Andersen, O. K.},
journal = {Phys. Rev. B},
volume  = {44}, 
pages   = {943},
year    = {1991}
}

@article{Liechtenstein, 
title   = {Density-Functional Theory and Strong Interactions: Orbital Ordering in Mott-Hubbard Insulators},
author  = {Liechtenstein, A. I. and Anisimov, V. I. and Zaanen, J.},
journal = {Phys. Rev. B},
volume  = {52},
pages   = {R5467},
year    = {1995}
}

@article{Cococcioni, 
title   = {Linear Response Approach to the Calculation of the Effective Interaction Parameters in the LDA+U Method},
author  = {Cococcioni, M. and de Gironcoli, S.},
journal = {Phys. Rev. B},
volume  = {71},
pages   = {035105},
year    = {2005}
}

@article{Sun2015-2,
title   = {Discovering Lead-Free Perovskite Solar Materials with a Split-Anion Approach},
author  = {Sun, Y.-Y. and Shi, J. and Lian, J. and Gao, W. and Agiorgousis, M. L. and Zhang, P. and Zhang, S.},
journal = {Nanoscale},
doi     = {10.1039/C5NR04310G},
year    = {2015}
}


@online{icsd,
title  =  {Inorganic Crystal Structure Database, FIZ Karlsruhe: Germany},
howpublished = {http:http://www2.fiz-karlsruhe.de},
year   = {2006}
}

@online{theos,
title  =  {Pseudopotentials},
howpublished = {\url{http://theossrv1.epfl.ch/Main/Pseudopotentials}},
note   = {accessed: September, 2015}
}

@article{li,
title  = {Formability of ABX$_3$ (X = F, Cl, Br, I) Halide Perovskites.},
author = {Li, C. and Lu, X. and Ding, W. and Feng, L. and Gao, Y. and Guo, Z.},
journal = {Acta Cryst. B}, 
volume  = {64},
pages   = {702-707},
year    = {2008}
}

@article{mgi,
title   = {Structures of CsMgBr$_3$, CsCdBr$_3$ and CsMgI$_3$ - Diamagnetic Linear Chain Lattices},
author  = {McPherson, G.L. and McPherson, A.M. and Atwood, J.L.}, 
journal = {J. Phys. Chem. Solids},
volume  = {41},
pages   = {495-499},
year    = {1980}
}

@article{VESTA,
title    = {VESTA: A Three-Dimensional Visualization System for Electronic and Structural Analysis},
author   = {Momma, K. and Izumi, F.},
journal  = {J. Appl. Cryst.},
volume   = {41},
pages    = {653},
year     = {2008}
}

                        
@article{mni,
title    = {Neutron Powder Diffraction and Magnetic Measurements on CsMnI$_3$},
author   = {Zandbergen, H. W.},
journal  = {J. Solid State Chem.},
volume   = {35},
pages    = {367-375},
year     = {1980}
} 

@article{vi,
title    = {Neutron Powder Diffraction and Magnetic Measurements on RbTiI$_3$, RbVI$_3$, and CsVI$_3$},
author   = {Zandbergen, H. W.},
journal  = {J. Solid State Chem.},
volume   = {37},
pages    = {308-317},
year     = {1981}
}

@article{nicl,
title    = {Caesium Niekel(II) Trichloride, CsNiCl$_3$, and Tricaesium Nickel(II) Pentachloride, CsaNiCl$_5$},
author   = {Sassmannhausen, M. and Lutz, H. D.},
journal  = {Acta Cryst. C},
volume   = {54},
pages    = {704-706},
year     = {1998}
}

@article{nix,
title    = {Syntheses and Structure of Hydrothermally Prepared CsNiX$_3$ (X=Cl, Br, I)},
author   = {Raw, A. D. and Ibers, J. A. and Poeppelmeier, K. R.},
journal  = {J. Solid State Chem.},
volume   = {192},
pages    = {34-37},
year     = {2012}
}

@article{Flocken, 
title    = {First-Principles Study of Structural Instabilities in Halide-Based Perovskites: Competition Between Ferroelectricity and Ferroelasticity},
author   = {Flocken, J. W. and Guenther, R. A. and Hardy, J. R. and Boyer, L. L.},
journal  = {Phys. Rev. B},
volume   = {31},
number   = {11},
pages    = {7252},
year     = {1985}
}

@book{Greenwood,
title    = {Chemistry of the Elements},
author   = {Greenwood, N. N. and Earnshaw, A.},
publisher = {Pergamon Press},
year      = {1984}
}

@misc{arc,
title    = {University of Oxford Advanced Research Computing},
author   = {Richards, A.},
howpublished = {http://dx.doi.org/10.5281/zenodo.22558},
year     = {2015}
}

@article{Ahn2004, 
title = {Ferroelectricity at the Nanoscale: Local Polarization in Oxide Thin Films and Heterostructures},
author = {Ahn, C. H. and Rabe, K. M. and Triscone, J.-M.},
journal = {Science},
volume  = {303},
number  = {5657},
pages   = {488-491},
year    = {2004}
}

@article{Suntivich2011, 
title   = {Design Principles for Oxygen-Reduction Activity on Perovskite Oxide Catalysts for Fuel Cells and Metal-Air Batteries},
author  = {Suntivich, J. and Gasteiger, H. A. and Yabuuchi, N. and Nakanashi, H. and Goodenough, J. B. and Shao-Horn, Y.},
journal = {Nature Chemistry},
volume  = {3},
pages   = {546-550},
year    = {2011}
}

@article{Vasala2015, 
title   = {A$_2$B'B''O$_6$ Perovskites: A review},
author  = {Vasala, S. and Karppinen, M.},
journal = {Prog. Solid State Chem.},
volume  = {4},
number  = {1-2},
pages   = {1-36},
year    = {2015}
}

@article{McMeekin2016, 
title   = {A mixed-Cation Lead Mixed-Halide Perovskite Absorber for Tandem Solar Cells},
author  = {McMeekin, D. P. and Sadoughi, G. and Rehman, W. and Eperon, G. and Saliba, M. and H\"orantner, M. T. and Haghighirad, A. and Sakai, N. and Korte, L. and Rech, B. and Johnston, M. B. and Herz, L. M. and Snaith, H. J.},
journal = {Science},
volume  = {351},
number  = {6269},
pages   = {151-155},
year    = {2016}
}

@article{Hoke2015,
title   = {Reversible Photo-Induced Trap Formation in Mixed-Halide Hybrid Perovskites for Photovoltaics},
author  = {Hoke, E. T. and Slotcavage, D. J. and Dohner, E. R. and Bowring, A. R. and Karunadasa, H. I. and McGehee, M. D.},
journal = {Chem. Sci.},
volume  = {6},
pages   = {613-617},
year    = {2015}
}

@article{Eames2015, 
title   = {Ionic Transport in Hybrid Lead Iodide Perovskite Solar Cells},
author  = {Eames, C. and Frost, J. M. and Barnes, P. R. F. and O'Regan, B. C. and Walsh, A. and Saiful Islam, M. },
journal = {Nature Commun.},
volume  = {6},
pages   = {7497},
year    = {2015}
}

@article{Babagayigit2016, 
title   = {Assessing the Toxicity of Pb- and Sn-Based Perovskite Solar Cells in Model Organism Danio Rerio},
author  = {Babagayigit, A. and Thanh, D. D. and Ethirajan, A. and Manca, J. and Muller, M. and Boyen, H.-G. and Conings, B.},
journal = {Sci. Rep.},
volume  = {6},
pages   = {18721},
year    = {2016}
}

@article{Ramesh2007, 
title   = {Multiferroics: Progress and Prospects in Thin Films},
author  = {Ramesh, R. and Spaldin, N. A.},
journal = {Nature Mater.},
volume  = {6},
pages   = {21-29},
year    = {2007}
}

@article{Rinjders2005, 
title    = {Materials Science:  Build Your Own Superlattice},
author   = {Rinjders, G. and Blank, D. H. A.},
journal  = {Nature},
volume   = {433},
pages    = {369-370},
year     = {2005}
}

@article{Filip2016,
title    = {Computational Screening of Homovalent Lead Substitution in Organic−Inorganic Halide Perovskites},
author   = {Filip, M. R. and Giustino, F.},
journal  = {J. Phys. Chem. C},
volume   = {120},
pages    = {166-173},
year     = {2016}
}

@article{Filip2015-2,
title    = {GW Band Structures and Carrier Effective Masses of CH3NH3PbI3 and Hypothetical Perovskites of the Type APbI3: A = NH4, PH4, AsH4 and SbH4},
author   = {Filip, M. R. and Verdi, C. and Giustino, F.},
journal   = {J. Phys. Chem. C},
volume   = {119},
pages    = {25209-25219},
year     = {2015}
}

@article{Fan2015,
title    = {Perovskites for Photovoltaics: A Combined Review of Organic-Inorganic Halide Perovskites and Ferroelectric Oxide Perovskites},
journal  = {J. Mater. Chem. A},
author   = {Fan, Z. and Sun, K. and Wang, J.},
volume   = {3},
pages    = {18809},
year     = {2015}
}

@article{Nechache2015, 
title    = {Bandgap Tuning of Multiferroic Oxide Solar Cells},
journal  = {Nature Photon.},
author   = {Nechache, R. N and Harnagea, C. and Li, S. and Cardenas, L. and Huang, W. and Chakrabartty, J. and Rosei, F.},
volume   = {9},
pages    = {61-67},
year     = {2015}
}

@article{Grinberg2013, 
title = {Perovskite Oxides for Visible-Light-Absorbing Ferroelectric and Photovoltaic Materials},
journal    = {Nature},
author     = {Grinberg, L. and West, D. V. and Torres, M. and Gou, G. and Stein, D. M. and Wu, L. and Chen, G. and Gallo, E. M. and Akbashev, A. R. and Davies, P. K. and Spanier, J. E. and Rappe, A. M},
volume     = {503},
pages  = {509-512},
year   = {2013} 
}

@article{Shannon, 
title   = {Revised Effective Ionic radii and Systematic Studies of Interatomic Distances in Halides and Chalcogenides},
author  = {Shannon, R. D. },
journal =  {Acta. Cryst. A},
volume  = {32},
pages   = {751-767},
year    = {1976}
}

@article{Berger2012,
title   = {Computational Design of Low-Band-Gap Double Perovskites},
author  = {Berger, R. F. and Neaton, J. B.},
journal = {Phys. Rev. B},
volume  = {86},
pages   = {165211},
year    = {2012}
}

@article{Zacharias2015,
title   = {Stochastic Approach to Phonon-Assisted Optical Absorption},
author  = {Zacharias, M. and Patrick, C. E. and Giustino, F.},
journal = {Phys. Rev. Lett.},
volume  = {115},
pages   = {177401},
year    = {2015}
}

@article{Meloni2016,
title   = {Ionic Polarization Induced Current-Voltage Hysteresis in CH$_3$NH$_3$PbX$_3$ Perovskite Solar Cells.},
author  = {Meloni, S. and Moehl, T. and Tress, W. and Grankvicius, M. and Saliba, M. and Hui, Y. and Gao, P. and Nazeeruddin, M. K. and Zakeeruddin, S. M. and
Rothlisberger, U. and Gr\"atzel, M.},
journal = {Nature Commun.},
volume  = {7},
pages   = {10334},
year    = {2016}
}
@article{Manser2016,
title   = {Making and Breaking of Lead-Halide Perovskites},
author  = {Manser, J. S. and Saidaminov, M. I. and Christians, J. A and Bakr, O. M. and Kamat, P. V.},
journal = {Acc. Chem. Res.},
volume  = {49},
pages   = {330-338},
year    = {2016}
}

@article{Morss1972,
title   = {Crystal Structure of Cs$_2$BiNaCl$_6$},
author  = {Morrs, L. R. and Robinson, W. R.},
journal =  {Acta Cryst. B},
volume  = {28},
pages   = {653-654},
year    = {1972}
}

@article{pbe0,
title   = {The Perdew-Burke-Ernzerhof Exchange-Correlation Functional Applied to the G2-1 Test Set Using a Plane-Wave Basis Set},
author  = {Paier, J., Hirschl, R., Marsman, M., Kresse, G.},
journal =  {J. Chem. Phys.},
volume  = {122},
pages   = {234102},
year    = {2005}
}

@article{pbe,
title   = {Generalized Gradient Approximation Made Simple},
author  = {Perdew, J.~P., Burke, K. and Ernzerhof, M.},
journal =  {Phys. Rev. Lett.},
volume  = {77},
pages   = {3865},
year    = {1996}
}

@article{vasp,
title   = {Efficient Iterative Schemes For \emph{ab initio} Total-Energy Calculations Using a Plane-Wave Basis Set},
author  = {Kresse, G. and Furthmuller, J.},
journal =  {Phys. Rev. B},
volume  = {54},
pages   = {11169--11186},
year    = {1996}
}


@article{paw,
title   = {Projector Augmented-Wave Method},
author  = {Bl\"{o}chl, P.~E.},
journal =  {Phys. Rev. B},
volume  = {50},
pages   = {17953--17979},
year    = {1994}
}

@article{Larson2000,
title   = {General Structure Analysis System (GSAS)},
author  = {Larson, A. C. and Von Drele, R. B},
journal = {Los Alamos National Laboratory Report LAUR},
pages   = {86-748},
year    = {2000}
}

@article{Loef2002, 
title   = {Scintillation and Spectroscopy of the Pure and Ce$^{3+}$-Doped Elpasolites: Cs$_2$LiYX$_6$ (X = Cl, Br)},
author  = {van Loef, E. V. D. and Dorenbos, P. and van Eijk, C. W. E. and Kr\"amer, K. W. and G\"udel, H. U.},
journal = {J. Phys.: Condens. Matter.},
volume  = {14},
pages   = {8481-8496},
year    = {2002}
}

@article{Toby2001,
title   = {EXPGUI, A Graphical User Interface for GSAS},
author  = {Toby, B. H.},
journal = {J. Appl. Cryst.}, 
volume  = {34},
pages   = {210-234},
year    = {2001}
}

@article{Sheldrick2015,
title   = {Crystal Structure Refinement with SHELXL},
author  = {Acta Cryst. Section C.},
volume   = {71-1},
pages    = {3},	
year     = {2015}
}

@article{Slavney2016,
title = {A Bismuth-Halide Double Perovskite with Long Carrier Recombination Lifetime for Photovoltaic Applications},
author  = {Slavney,A.  H. and Hu, T. and Lindenberg, A. M. and Karunadasa, H. I.},
journal = {J. Am. Chem. Soc.},
doi = {10.1021/jacs.5b13294},
volume   = {138},
pages    = {2138-2141},	
year     = {2016}
}

@article{McClure2016,
title  = {Cs$_2$AgBiX$_6$ (X = Br, Cl) — New Visible Light Absorbing, Lead-Free Halide Perovskite Semiconductors},
author = {McClure, E. T. and Ball, M. R. and Windl, W. and Woodward, P. M. },
journal = {Chem. Mater.},
doi = {10.1021/acs.chemmater.5b04231},
volume   = {28},
pages    = {1348-1354},	
year     = {2016}
}
