@ARTICLE{Ponce2015,
  author = {Ponc\'e, S. and Gillet, Y. and Laflamme Janssen, J. and Marini, A.
	and Verstraete, M. and Gonze, X.},
  title = {Temperature dependence of the electronic structure of semiconductors
	and insulators},
  journal = {J. Chem. Phys.},
  year = {2015},
  volume = {143},
  pages = {102813}
}

@ARTICLE{Ponce2014a,
  author = {Ponc\'e, S. and Antonius, G. and Gillet, Y. and Boulanger, P. and
	Laflamme Janssen, J. and Marini, A. and C\^ot\'e, M. and Gonze, X.},
  title = {Temperature dependence of electronic eigenenergies in the adiabatic
	harmonic approximation},
  journal = {Phys. Rev. B},
  year = {2014},
  volume = {90},
  pages = {214304}
}

@ARTICLE{Ponce2014,
  author = {S. Ponc\'e and G. Antonius and P. Boulanger and E. Cannuccia and A.
	Marini and M. C\^ot\'e and X. Gonze},
  title = {Verification of first-principles codes: Comparison of total energies,
	phonon frequencies, electron–phonon coupling and zero-point motion
	correction to the gap between {ABINIT} and {QE/Yambo}},
  journal = {Comp. Mater. Sci.},
  year = {2014},
  volume = {83},
  pages = {341 - 348}
}

@Article{Johnston2013,
  Title                    = {Elaboration of the α-model derived from the BCS theory of superconductivity},
  Author                   = {David C Johnston},
  Journal                  = {Superconductor Science and Technology},
  Year                     = {2013},
  Number                   = {11},
  Pages                    = {115011},
  Volume                   = {26}
}


@Article{Gunst2016,
  Title                    = {First-principles method for electron-phonon coupling and electron mobility: Applications to two-dimensional materials},
  Author                   = {Gunst, Tue and Markussen, Troels and Stokbro, Kurt and Brandbyge, Mads},
  Journal                  = {Phys. Rev. B},
  Year                     = {2016},
  Month                    = {Jan},
  Pages                    = {035414},
  Volume                   = {93}
}



@Article{Gonze2009,
  Title                    = {ABINIT: First-principles approach to material and nanosystem properties},
  Author                   = {X. Gonze and B. Amadon and P.-M. Anglade and J.-M. Beuken and F. Bottin and P. Boulanger and F. Bruneval and D. Caliste and R. Caracas and M. Côté and T. Deutsch and L. Genovese and Ph. Ghosez and M. Giantomassi and S. Goedecker and D.R. Hamann and P. Hermet and F. Jollet and G. Jomard and S. Leroux and M. Mancini and S. Mazevet and M.J.T. Oliveira and G. Onida and Y. Pouillon and T. Rangel and G.-M. Rignanese and D. Sangalli and R. Shaltaf and M. Torrent and M.J. Verstraete and G. Zerah and J.W. Zwanziger},
  Journal                  = {Comp. Phys. Commun.},
  Year                     = {2009},
  Note                     = {40 YEARS OF CPC: A celebratory issue focused on quality software for high performance, grid and novel computing architectures},
  Number                   = {12},
  Pages                    = {2582 - 2615},
  Volume                   = {180}
}


@Article{Antonius2015,
  Title                    = {Dynamical and anharmonic effects on the electron-phonon coupling and the zero-point renormalization of the electronic structure},
  Author                   = {Antonius, G. and Ponc\'e, S. and Lantagne-Hurtubise, E. and Auclair, G. and Gonze, X. and C\^ot\'e, M.},
  Journal                  = {Phys. Rev. B},
  Year                     = {2015},

  Month                    = {Aug},
  Pages                    = {085137},
  Volume                   = {92}
}


@ARTICLE{Marini2015,
  author = {Marini, Andrea and Ponc\'e, S. and Gonze, X.},
  title = {Many-body perturbation theory approach to the electron-phonon interaction
	with density-functional theory as a starting point},
  journal = {Phys. Rev. B},
  year = {2015},
  volume = {91},
  pages = {224310}
}

@ARTICLE{Franceschetti2007,
  author = {Franceschetti, A.},
  title = {First-principles calculations of the temperature dependence of the
	band gap of {Si} nanocrystals},
  journal = {Phys. Rev. B},
  year = {2007},
  volume = {76},
  pages = {161301}
}

@ARTICLE{Kamisaka2008,
  author = {Kamisaka, Hideyuki and Kilina, Svetlana V.and Yamashita, Koichi and
	Prezhdo, Oleg V.},
  title = {\textit{Ab Initio} Study of Temperature and Pressure Dependence of Energy
	and Phonon-Induced Dephasing of Electronic Excitations in {CdSe} and
	{PbSe} Quantum Dots},
  journal = {J. Phys. Chem. C},
  year = {2008},
  volume = {112},
  pages = {7800--7808}
}

@ARTICLE{Ibrahim2008,
  author = {Ibrahim, Z. A. and Shkrebtii, A. I. and Lee, M. J. G. and Vynck,
	K. and Teatro, T. and Richter, W. and Trepk, T. and Zettler, T.},
  title = {Temperature dependence of the optical response: Application to bulk
	{GaAs} using first-principles molecular dynamics simulations},
  journal = {Phys. Rev. B},
  year = {2008},
  volume = {77},
  pages = {125218}
}

@ARTICLE{Ramirez2006,
  author = {Ram\'irez, Rafael and Herrero, Carlos P. and Hern\'andez, Eduardo
	R.},
  title = {Path-integral molecular dynamics simulation of diamond},
  journal = {Phys. Rev. B},
  year = {2006},
  volume = {73},
  pages = {245202}
}

@ARTICLE{Ramirez2008,
  author = {Ram\'irez, Rafael and Herrero, Carlos P. and Hern\'andez, Eduardo
	R. and Cardona, Manuel},
  title = {Path-integral molecular dynamics simulation of {3C-SiC}},
  journal = {Phys. Rev. B},
  year = {2008},
  volume = {77},
  pages = {045210}
}

@ARTICLE{Capaz2005,
  author = {Capaz, Rodrigo B. and Spataru, Catalin D. and Tangney, Paul and Cohen,
	Marvin L. and Louie, Steven G.},
  title = {Temperature Dependence of the Band Gap of Semiconducting Carbon Nanotubes},
  journal = {Phys. Rev. Lett.},
  year = {2005},
  volume = {94},
  pages = {036801}
}

@ARTICLE{Patrick2013,
  author = {Patrick, Christopher E. and Giustino, Feliciano},
  title = {Quantum nuclear dynamics in the photophysics of diamondoids},
  journal = {Nat. Commun.},
  year = {2013},
  volume = {4},
  pages = {2006},

}

@ARTICLE{Han2013,
  author = {Han, Peng and Bester, Gabriel},
  title = {Large nuclear zero-point motion effect in semiconductor nanoclusters},
  journal = {Phys. Rev. B},
  year = {2013},
  volume = {88},
  pages = {165311}
}

@ARTICLE{Monserrat2013,
  author = {Monserrat, Bartomeu and Drummond, N. D. and Needs, R. J.},
  title = {Anharmonic vibrational properties in periodic systems: energy, electron-phonon
	coupling, and stress},
  journal = {Phys. Rev. B},
  year = {2013},
  volume = {87},
  pages = {144302}
}

@Article{Monserrat2014a,
  Title                    = {Comparing electron-phonon coupling strength in diamond, silicon, and silicon carbide: First-principles study},
  Author                   = {Monserrat, Bartomeu and Needs, R. J.},
  Journal                  = {Phys. Rev. B},
  Year                     = {2014},

  Month                    = {Jun},
  Pages                    = {214304},
  Volume                   = {89}
}

@Article{Monserrat2016,
  Title                    = {Vibrational averages along thermal lines},
  Author                   = {Monserrat, Bartomeu},
  Journal                  = {Phys. Rev. B},
  Year                     = {2016},

  Month                    = {Jan},
  Pages                    = {014302},
  Volume                   = {93}
}


@ARTICLE{Antonius2014,
  author = {Antonius, G. and Ponc\'e, S. and Boulanger, P. and C\^ot\'e, M. and
	Gonze, X.},
  title = {Many-Body Effects on the Zero-Point Renormalization of the Band Structure},
  journal = {Phys. Rev. Lett.},
  year = {2014},
  volume = {112},
  pages = {215501}
}


@ARTICLE{Giustino2010,
  author = {Giustino, Feliciano and Louie, Steven G. and Cohen, Marvin L.},
  title = {Electron-Phonon Renormalization of the Direct Band Gap of Diamond},
  journal = {Phys. Rev. Lett.},
  year = {2010},
  volume = {105},
  pages = {265501}
}

@ARTICLE{Marini2008,
  author = {Marini, Andrea},
  title = {\textit{Ab Initio} Finite-Temperature Excitons},
  journal = {Phys. Rev. Lett.},
  year = {2008},
  volume = {101},
  pages = {106405}
}

@ARTICLE{Gonze2011,
  author = {Gonze, X. and Boulanger, P. and C\^ot\'e, M.},
  title = {Theoretical approaches to the temperature and zero-point motion effects
	on the electronic band structure.},
  journal = {Ann. Phys.},
  year = {2011},
  volume = {523},
  pages = {168}
}

@ARTICLE{Cannuccia2011,
  author = {Cannuccia, Elena and Marini, Andrea},
  title = {Effect of the Quantum Zero-Point Atomic Motion on the Optical and
	Electronic Properties of Diamond and Trans-Polyacetylene},
  journal = {Phys. Rev. Lett.},
  year = {2011},
  volume = {107},
  pages = {255501}
}

@ARTICLE{Cannuccia2012,
  author = {Cannuccia, E. and Marini, A.},
  title = {Zero point motion effect on the electronic properties of diamond,
	trans-polyacetylene and polyethylene},
  journal = {Eur. Phys. J. B},
  year = {2012},
  volume = {85},
  pages = {1-7},
  number = {9}
}

@ARTICLE{Kawai2014,
  author = {Kawai, Hiroki and Yamashita, Koichi and Cannuccia, Elena and Marini,
	Andrea},
  title = {Electron-electron and electron-phonon correlation effects on the
	finite-temperature electronic and optical properties of zinc-blende
	{GaN}},
  journal = {Phys. Rev. B},
  year = {2014},
  volume = {89},
  pages = {085202}
}


@ARTICLE{Park2007,
  author = {Park, Cheol-Hwan and Giustino, Feliciano and Cohen, Marvin L. and
	Louie, Steven G.},
  title = {Velocity Renormalization and Carrier Lifetime in Graphene from the
	Electron-Phonon Interaction},
  journal = {Phys. Rev. Lett.},
  year = {2007},
  volume = {99},
  pages = {086804}
}

@ARTICLE{Park2009,
  author = {Park, Cheol-Hwan and Giustino, Feliciano and Spataru, Catalin D.
	and Cohen, Marvin L. and Louie, Steven G.},
  title = {First-Principles Study of Electron Linewidths in Graphene},
  journal = {Phys. Rev. Lett.},
  year = {2009},
  volume = {102},
  pages = {076803}
}

@ARTICLE{Eiguren2003,
  author = {Eiguren, A. and de Gironcoli, S. and Chulkov, E. V. and Echenique,
	P. M. and Tosatti, E.},
  title = {Electron-Phonon Interaction at the {Be}(0001) Surface},
  journal = {Phys. Rev. Lett.},
  year = {2003},
  volume = {91},
  pages = {166803}
}

@ARTICLE{Pisana2007,
  author = {Pisana, Simone  and Lazzeri, Michele and Casiraghi, Cinzia  and Novoselov,
	K. S. and Geim, A. K. and Ferrari, A. C. and  Mauri, F.},
  title = {Breakdown of the adiabatic Born-Oppenheimer approximation in graphene},
  journal = {Nat. Mater.},
  year = {2007},
  volume = {6},
  pages = {198}
}

@ARTICLE{Liao2015,
  author = {Liao, Bolin and Qiu, Bo and Zhou, Jiawei and Huberman, Samuel and
	Esfarjani, Keivan and Chen, Gang},
  title = {Significant Reduction of Lattice Thermal Conductivity by the Electron-Phonon
	Interaction in Silicon with High Carrier Concentrations: A First-Principles
	Study},
  journal = {Phys. Rev. Lett.},
  year = {2015},
  volume = {114},
  pages = {115901}
}


@ARTICLE{Lazzeri2006,
  author = {Lazzeri, Michele and Mauri, Francesco},
  title = {Nonadiabatic {K}ohn Anomaly in a Doped Graphene Monolayer},
  journal = {Phys. Rev. Lett.},
  year = {2006},
  volume = {97},
  pages = {266407}
}


@ARTICLE{Kioupakis2010,
  author = {Kioupakis, Emmanouil and Rinke, Patrick and Schleife, Andr\'e and
	Bechstedt, Friedhelm and Van de Walle, Chris G.},
  title = {Free-carrier absorption in nitrides from first principles},
  journal = {Phys. Rev. B},
  year = {2010},
  volume = {81},
  pages = {241201}
}

@ARTICLE{Noffsinger2012,
  author = {Noffsinger, Jesse and Kioupakis, Emmanouil and Van de Walle, Chris
	G. and Louie, Steven G. and Cohen, Marvin L.},
  title = {Phonon-Assisted Optical Absorption in Silicon from First Principles},
  journal = {Phys. Rev. Lett.},
  year = {2012},
  volume = {108},
  pages = {167402}
}

@ARTICLE{Luders2005,
  author = {L\"uders, M. and Marques, M. A. L. and Lathiotakis, N. N. and Floris,
	A. and Profeta, G. and Fast, L. and Continenza, A. and Massidda,
	S. and Gross, E. K. U.},
  title = {\textit{Ab initio} theory of superconductivity. {I}. Density functional
	formalism and approximate functionals},
  journal = {Phys. Rev. B},
  year = {2005},
  volume = {72},
  pages = {024545}
}


@Article{Nambu1960,
  Title                    = {Quasi-Particles and Gauge Invariance in the Theory of Superconductivity},
  Author                   = {Nambu, Yoichiro},
  Journal                  = {Phys. Rev.},
  Year                     = {1960},

  Month                    = {Feb},
  Pages                    = {648--663},
  Volume                   = {117}
}


@ARTICLE{Margine2014,
  author = {Margine, E. R. and Giustino, Feliciano},
  title = {Two-gap superconductivity in heavily $n$-doped graphene: \textit{Ab
	initio} Migdal-Eliashberg theory},
  journal = {Phys. Rev. B},
  year = {2014},
  volume = {90},
  pages = {014518}
}


@ARTICLE{Restrepo2009,
  author = {Restrepo, O. D. and Varga, K. and Pantelides, S. T.},
  title = {First-principles calculations of electron mobilities in silicon:
	Phonon and Coulomb scattering},
  journal = {Appl. Phys. Lett.},
  year = {2009},
  volume = {94},
  pages = {212103}
}



@ARTICLE{Park2014,
  author = {Park, Cheol-Hwan and Bonini, Nicola and Sohier, Thibault and Samsonidze,
	Georgy and Kozinsky, Boris and Calandra, Matteo and Mauri, Francesco
	and Marzari, Nicola},
  title = {Electron-Phonon Interactions and the Intrinsic Electrical Resistivity
	of Graphene},
  journal = {Nano Lett.},
  year = {2014},
  volume = {14},
  pages = {1113-1119}
}


@Article{Noffsinger2010,
  Title                    = {{EPW}: A program for calculating the electron–phonon coupling using maximally localized {W}annier functions },
  Author                   = {Jesse Noffsinger and Feliciano Giustino and Brad D. Malone and Cheol-Hwan Park and Steven G. Louie and Marvin L. Cohen},
  Journal                  = {Comp. Phys. Commun.},
  Year                     = {2010},
  Number                   = {12},
  Pages                    = {2140 - 2148},
  Volume                   = {181}
}


@ARTICLE{GNU,
author = {http://www.gnu.org/copyleft/gpl.txt},
}
 
@ARTICLE{EPWwebsite,
author = {http://epw.org.uk/},
}

@Article{Marzari1997,
  Title                    = {Maximally localized generalized {W}annier functions for composite energy bands},
  Author                   = {Marzari, Nicola and Vanderbilt, David},
  Journal                  = {Phys. Rev. B},
  Year                     = {1997},
  Month                    = {Nov},
  Pages                    = {12847--12865},
  Volume                   = {56}
}

@Article{Souza2001,
  Title                    = {Maximally localized {W}annier functions for entangled energy bands},
  Author                   = {Souza, Ivo and Marzari, Nicola and Vanderbilt, David},
  Journal                  = {Phys. Rev. B},
  Year                     = {2001},

  Month                    = {Dec},
  Pages                    = {035109},
  Volume                   = {65}
}

@Article{Giustino2007,
  Title                    = {Electron-phonon interaction using Wannier functions},
  Author                   = {Giustino, Feliciano and Cohen, Marvin L. and Louie, Steven G.},
  Journal                  = {Phys. Rev. B},
  Year                     = {2007},

  Month                    = {Oct},
  Pages                    = {165108},
  Volume                   = {76}
}

@Article{Hohenberg1964,
  Title                    = {Inhomogeneous Electron Gas},
  Author                   = {Hohenberg, P. and Kohn, W.},
  Journal                  = {Phys. Rev.},
  Year                     = {1964},

  Month                    = {Nov},
  Pages                    = {B864--B871},
  Volume                   = {136}
}

@Article{Kohn1965,
  Title                    = {Self-Consistent Equations Including Exchange and Correlation Effects},
  Author                   = {Kohn, W. and Sham, L. J.},
  Journal                  = {Phys. Rev.},
  Year                     = {1965},

  Month                    = {Nov},
  Pages                    = {A1133--A1138},
  Volume                   = {140}
}

@Article{Baroni1987,
  Title                    = {Green's-function approach to linear response in solids},
  Author                   = {Baroni, Stefano and Giannozzi, Paolo and Testa, Andrea},
  Journal                  = {Phys. Rev. Lett.},
  Year                     = {1987},

  Month                    = {May},
  Pages                    = {1861--1864},
  Volume                   = {58}
}

@Article{Frohlich1954,
  Title                    = {Electrons in lattice fields},
  Author                   = {H. Fr\"ohlich},
  Journal                  = {Adv. Phys.},
  Year                     = {1954},
  Pages                    = {325},
  Volume                   = {3}
}

@Article{Bratley1988,
  Title                    = {Algorithm 659: Implementing {S}obol's Quasirandom Sequence Generator},
  Author                   = {Bratley, Paul and Fox, Bennett L.},
  Journal                  = {ACM Trans. Math. Softw.},
  Year                     = {1988},

  Month                    = mar,
  Number                   = {1},
  Pages                    = {88--100},
  Volume                   = {14}
}

@Article{Hong2003,
  Title                    = {Algorithm 823: Implementing Scrambled Digital Sequences},
  Author                   = {Hong, Hee Sun and Hickernell, Fred J.},
  Journal                  = {ACM Trans. Math. Softw.},
  Year                     = {2003},
  Number                   = {2},
  Pages                    = {95--109},
  Volume                   = {29}
}


@Article{Sjakste2015,
  Title                    = {Wannier interpolation of the electron-phonon matrix elements in polar semiconductors: Polar-optical coupling in {GaAs}},
  Author                   = {Sjakste, J. and Vast, N. and Calandra, M. and Mauri, F.},
  Journal                  = {Phys. Rev. B},
  Year                     = {2015},

  Month                    = {Aug},
  Pages                    = {054307},
  Volume                   = {92}
}


@Article{Nery2016,
  Title                    = {Influence of Fr\"ohlich polaron coupling on renormalized electron bands in polar semiconductors. Results for zincblende GaN},
  Author                   = {Nery, J.P. and  Allen, P. B.},
  Journal                  = {http://arxiv.org/abs/1603.04269},
  Year                     = {2016}
}


@Article{Fan1951,
  Title                    = {Temperature Dependence of the Energy Gap in Semiconductors},
  Author                   = {Fan, H. Y.},
  Journal                  = {Phys. Rev.},
  Year                     = {1951},

  Month                    = {Jun},
  Pages                    = {900--905},
  Volume                   = {82}
}

@Article{Gonze1997,
  Title                    = {First-principles responses of solids to atomic displacements and homogeneous electric fields: Implementation of a conjugate-gradient algorithm},
  Author                   = {Gonze, Xavier},
  Journal                  = {Phys. Rev. B},
  Year                     = {1997},

  Month                    = {Apr},
  Pages                    = {10337--10354},
  Volume                   = {55}
}

@Article{Baroni2001,
  Title                    = {Phonons and related crystal properties from density-functional perturbation theory},
  Author                   = {Baroni, Stefano and de Gironcoli, Stefano and Dal Corso, Andrea and Giannozzi, Paolo},
  Journal                  = {Rev. Mod. Phys.},
  Year                     = {2001},

  Month                    = {Jul},
  Pages                    = {515--562},
  Volume                   = {73}
}


@Article{Giannozzi2009,
  Title                    = {{QUANTUM ESPRESSO}: a modular and open-source software project for quantum simulations of materials},
  Author                   = {Paolo Giannozzi and Stefano Baroni and Nicola Bonini and Matteo Calandra and Roberto Car and Carlo Cavazzoni and Davide Ceresoli and Guido L Chiarotti and Matteo Cococcioni and Ismaila Dabo and Andrea Dal Corso and Stefano de Gironcoli and Stefano Fabris and Guido Fratesi and Ralph Gebauer and Uwe Gerstmann and Christos Gougoussis and Anton Kokalj and Michele Lazzeri and Layla Martin-Samos and Nicola Marzari and Francesco Mauri and Riccardo Mazzarello and Stefano Paolini and Alfredo Pasquarello and Lorenzo Paulatto and Carlo Sbraccia and Sandro Scandolo and Gabriele Sclauzero and Ari P Seitsonen and Alexander Smogunov and Paolo Umari and Renata M Wentzcovitch},
  Journal                  = {J. Phys. Condens. Matter},
  Year                     = {2009},
  Number                   = {39},
  Pages                    = {395502},
  Volume                   = {21}
}


@Article{Mostofi2008,
  Title                    = {wannier90: A tool for obtaining maximally-localised {W}annier functions },
  Author                   = {Arash A. Mostofi and Jonathan R. Yates and Young-Su Lee and Ivo Souza and David Vanderbilt and Nicola Marzari},
  Journal                  = {Comp. Phys. Commun.},
  Year                     = {2008},
  Number                   = {9},
  Pages                    = {685 - 699},
  Volume                   = {178}
}

@Article{Fuchs1999,
  Title                    = {\textit{Ab initio} pseudopotentials for electronic structure calculations of poly-atomic systems using density-functional theory},
  Author                   = {Martin Fuchs and Matthias Scheffler},
  Journal                  = {Comp. Phys. Commun.},
  Year                     = {1999},
  Number                   = {1},
  Pages                    = {67 - 98},
  Volume                   = {119}
}

@Article{Troullier1991,
  Title                    = {Efficient pseudopotentials for plane-wave calculations},
  Author                   = {Troullier, N. and Martins, Jos\'e Luriaas},
  Journal                  = {Phys. Rev. B},
  Year                     = {1991},

  Month                    = {Jan},
  Pages                    = {1993--2006},
  Volume                   = {43}
}

@Article{Perdew1981,
  Title                    = {Self-interaction correction to density-functional approximations for many-electron systems},
  Author                   = {Perdew, J. P. and Zunger, Alex},
  Journal                  = {Phys. Rev. B},
  Year                     = {1981},

  Month                    = {May},
  Pages                    = {5048--5079},
  Volume                   = {23}
}

@Article{Margine2013,
  Title                    = {Anisotropic {M}igdal-{E}liashberg theory using {W}annier functions},
  Author                   = {Margine, E. R. and Giustino, F.},
  Journal                  = {Phys. Rev. B},
  Year                     = {2013},

  Month                    = {Jan},
  Pages                    = {024505},
  Volume                   = {87}
}

@Article{Ekimov2004,
  Title                    = {Superconductivity in diamond},
  Author                   = {E. A. Ekimov and V. A. Sidorov and E. D. Bauer and N. N. Mel'nik and N. J. Curro and J. D. Thompson and S. M. Stishov},
  Journal                  = {Nature},
  Year                     = {2004},
  Pages                    = {542},
  Volume                   = {428}
}

@Article{Ceperley1980,
  Title                    = {Ground State of the Electron Gas by a Stochastic Method},
  Author                   = {Ceperley, D. M. and Alder, B. J.},
  Journal                  = {Phys. Rev. Lett.},
  Year                     = {1980},

  Month                    = {Aug},
  Pages                    = {566--569},
  Volume                   = {45}
}

@Article{Methfessel1989,
  Title                    = {High-precision sampling for Brillouin-zone integration in metals},
  Author                   = {Methfessel, M. and Paxton, A. T.},
  Journal                  = {Phys. Rev. B},
  Year                     = {1989},

  Month                    = {Aug},
  Pages                    = {3616--3621},
  Volume                   = {40}
}

@Article{Giustino2007a,
  Title                    = {Electron-Phonon Interaction via Electronic and Lattice {W}annier Functions: Superconductivity in Boron-Doped Diamond Reexamined},
  Author                   = {Giustino, Feliciano and Yates, Jonathan R. and Souza, Ivo and Cohen, Marvin L. and Louie, Steven G.},
  Journal                  = {Phys. Rev. Lett.},
  Year                     = {2007},

  Month                    = {Jan},
  Pages                    = {047005},
  Volume                   = {98}
}

@Article{Calandra2005,
  Title                    = {Electron-phonon coupling and phonon self-energy in {MgB}$_2$: Interpretation of {MgB}$_2$ Raman spectra},
  Author                   = {Calandra, Matteo and Mauri, Francesco},
  Journal                  = {Phys. Rev. B},
  Year                     = {2005},
  Month                    = {Feb},
  Pages                    = {064501},
  Volume                   = {71}
}

@Article{Luttinger1960,
  Title                    = {Ground-State Energy of a Many-Fermion System. {II}},
  Author                   = {Luttinger, J. M. and Ward, J. C.},
  Journal                  = {Phys. Rev.},
  Year                     = {1960},
  Month                    = {Jun},
  Pages                    = {1417--1427},
  Volume                   = {118}
}

@Article{Luttinger1960a,
  Title                    = {Fermi Surface and Some Simple Equilibrium Properties of a System of Interacting Fermions},
  Author                   = {Luttinger, J. M.},
  Journal                  = {Phys. Rev.},
  Year                     = {1960},

  Month                    = {Aug},
  Pages                    = {1153--1163},
  Volume                   = {119}
}

@Article{Heid2010,
  Title                    = {Effect of spin-orbit coupling on the electron-phonon interaction of the superconductors {Pb} and {Tl}},
  Author                   = {Heid, R. and Bohnen, K.-P. and Sklyadneva, I. Yu. and Chulkov, E. V.},
  Journal                  = {Phys. Rev. B},
  Year                     = {2010},
  Month                    = {May},
  Pages                    = {174527},
  Volume                   = {81}
}


@Article{Touloukian1975,
  Title                    = {Thermophysical Properties of Matter},
  Author                   = {Touloukian, Y S and Kirby, R K  and Taylor, R E and Desai, P D},
  Journal                  = {IFI/Plenum, New York},
  Year                     = {1975},
  Pages                    = {1436},
  Volume                   = {12}
}


@Article{Grabowski2007,
  Title                    = {\textit{Ab initio} study of the thermodynamic properties of nonmagnetic elementary fcc metals: Exchange-correlation-related error bars and chemical trends},
  Author                   = {Grabowski, Blazej and Hickel, Tilmann and Neugebauer, J\"org},
  Journal                  = {Phys. Rev. B},
  Year                     = {2007},

  Month                    = {Jul},
  Pages                    = {024309},
  Volume                   = {76}
}

@Article{Corso2008,
  Title                    = {Ab initio phonon dispersions of face centered cubic {Pb}: effects of spin–orbit coupling},
  Author                   = {Andrea Dal Corso},
  Journal                  = {J. Phys. Condens. Matter},
  Year                     = {2008},
  Number                   = {44},
  Pages                    = {445202},
  Volume                   = {20}
}


@Article{Brockhouse1962,
  Title                    = {Crystal Dynamics of Lead. {I}. Dispersion Curves at 100 {K}},
  Author                   = {Brockhouse, B. N. and Arase, T. and Caglioti, G. and Rao, K. R. and Woods, A. D. B.},
  Journal                  = {Phys. Rev.},
  Year                     = {1962},

  Month                    = {Nov},
  Pages                    = {1099--1111},
  Volume                   = {128}
}

@Article{Shukla2003,
  Title                    = {Phonon Dispersion and Lifetimes in {MgB}$_2$},
  Author                   = {Shukla, Abhay and Calandra, Matteo and d'Astuto, Matteo and Lazzeri, Michele and Mauri, Francesco and Bellin, Christophe and Krisch, Michael and Karpinski, J. and Kazakov, S. M. and Jun, J. and Daghero, D. and Parlinski, K.},
  Journal                  = {Phys. Rev. Lett.},
  Year                     = {2003},

  Month                    = {Mar},
  Pages                    = {095506},
  Volume                   = {90}
}

@Article{Scalapino1966,
  Title                    = {Strong-Coupling Superconductivity. {I}},
  Author                   = {Scalapino, D. J. and Schrieffer, J. R. and Wilkins, J. W.},
  Journal                  = {Phys. Rev.},
  Year                     = {1966},

  Month                    = {Aug},
  Pages                    = {263--279},
  Volume                   = {148}
}

@Book{Scalapino1969,
  Title                    = {Superconductivity},
  Author                   = {Scalapino, D.J.},
  Editor                   = {Parks, R. D.},
  Publisher                = {Dekker},
  Year                     = {1969}
}

@Article{Marsiglio1997,
  Title                    = {Aspects of Optical Properties in Conventional and Oxide Superconductors.},
  Author                   = {Marsiglio, F. and Carbotte, J. P.},
  Journal                  = {Austr. J. Phys.},
  Year                     = {1997},
  Pages                    = {975},
  Volume                   = {50}
}

@Article{Marsiglio1997a,
  Title                    = {Quasiparticle Lifetimes and the Conductivity Scattering Rate},
  Author                   = {Marsiglio, F. and  Carbotte, J. P.},
  Journal                  = {Austr. J. Phys.},
  Year                     = {1997},
  Pages                    = {1011},
  Volume                   = {50}
}

@Article{Vogl1976,
  Title                    = {Microscopic theory of electron-phonon interaction in insulators or semiconductors},
  Author                   = {Vogl, P.},
  Journal                  = {Phys. Rev. B},
  Year                     = {1976},

  Month                    = {Jan},
  Pages                    = {694--704},
  Volume                   = {13}
}


@Article{Kaplan1976,
  Title                    = {Quasiparticle and phonon lifetimes in superconductors},
  Author                   = {Kaplan, S. B. and Chi, C. C. and Langenberg, D. N. and Chang, J. J. and Jafarey, S. and Scalapino, D. J.},
  Journal                  = {Phys. Rev. B},
  Year                     = {1976},

  Month                    = {Dec},
  Pages                    = {4854--4873},
  Volume                   = {14}
}

@Book{Schrieffer1964,
  Title                    = {Theory of Superconductivity},
  Author                   = {Schrieffer, J. R.},
  Editor                   = {Schrieffer, J. R.},
  Publisher                = {Advanced Book Classics},
  Year                     = {1964}
}


@Article{MARADUDIN1968,
  Title                    = {Symmetry Properties of the Normal Vibrations of a Crystal},
  Author                   = {Maraduin, A. A. and Vosko, S. H.},
  Journal                  = {Rev. Mod. Phys.},
  Year                     = {1968},
  Month                    = {Jan},
  Pages                    = {1--37},
  Volume                   = {40}
}

@Article{Kleinman1982,
  Title                    = {Efficacious Form for Model Pseudopotentials},
  Author                   = {Kleinman, Leonard and Bylander, D. M.},
  Journal                  = {Phys. Rev. Lett.},
  Year                     = {1982},
  Month                    = {May},
  Pages                    = {1425--1428},
  Volume                   = {48}
}

@Article{Verdi2015,
  Title                    = {Fr\"ohlich Electron-Phonon Vertex from First Principles},
  Author                   = {Verdi, Carla and Giustino, Feliciano},
  Journal                  = {Phys. Rev. Lett.},
  Year                     = {2015},
  Month                    = {Oct},
  Pages                    = {176401},
  Volume                   = {115}
}


@Article{Zacharias2015,
  Title                    = {Stochastic Approach to Phonon-Assisted Optical Absorption},
  Author                   = {Zacharias, Marios and Patrick, Christopher E. and Giustino, Feliciano},
  Journal                  = {Phys. Rev. Lett.},
  Year                     = {2015},
  Month                    = {Oct},
  Pages                    = {177401},
  Volume                   = {115}
}

@Article{Calandra2015,
  Title                    = {Universal Increase in the Superconducting Critical Temperature of Two-Dimensional Semiconductors at Low Doping by the Electron-Electron Interaction},
  Author                   = {Calandra, Matteo and Zoccante, Paolo and Mauri, Francesco},
  Journal                  = {Phys. Rev. Lett.},
  Year                     = {2015},
  Month                    = {Feb},
  Pages                    = {077001},
  Volume                   = {114}
}


@Article{Gonze1997a,
  Title                    = {Dynamical matrices, Born effective charges, dielectric permittivity tensors, and interatomic force constants from density-functional perturbation theory},
  Author                   = {Gonze, Xavier and Lee, Changyol},
  Journal                  = {Phys. Rev. B},
  Year                     = {1997},
  Month                    = {Apr},
  Pages                    = {10355--10368},
  Volume                   = {55}
}

@Article{Hamann2013,
  Title                    = {Optimized norm-conserving {V}anderbilt pseudopotentials},
  Author                   = {Hamann, D. R.},
  Journal                  = {Phys. Rev. B},
  Year                     = {2013},

  Month                    = {Aug},
  Pages                    = {085117},
  Volume                   = {88}
}

@Article{Schlipf2015,
  Title                    = {Optimization algorithm for the generation of {ONCV} pseudopotentials },
  Author                   = {Martin Schlipf and François Gygi},
  Journal                  = {Comp. Phys. Commun. },
  Year                     = {2015},
  Pages                    = {36 - 44},
  Volume                   = {196}
}

@Article{Monkhorst1976,
  Title                    = {Special points for {B}rillouin-zone integrations},
  Author                   = {Monkhorst, Hendrik J. and Pack, James D.},
  Journal                  = {Phys. Rev. B},
  Year                     = {1976},

  Month                    = {Jun},
  Pages                    = {5188--5192},
  Volume                   = {13}
}

@InCollection{Allen1983a,
  Title                    = {Theory of Superconducting {Tc} },
  Author                   = {Philip B. Allen and Božidar Mitrović},
  Publisher                = {Academic Press},
  Year                     = {1983},
  Editor                   = {Henry Ehrenreich, Frederick Seitz and David Turnbull},
  Pages                    = {1 - 92},
  Series                   = {Solid State Phys.},
  Volume                   = {37}
}

@Article{Allen1983,
  Title                    = {Temperature dependence of the direct gap of {Si} and {Ge}},
  Author                   = {Allen, P. B. and Cardona, M.},
  Journal                  = {Phys. Rev. B},
  Year                     = {1983},

  Month                    = {Apr},
  Pages                    = {4760--4769},
  Volume                   = {27}
}

@Article{Starace1971,
  Title                    = {Length and Velocity Formulas in Approximate Oscillator-Strength Calculations},
  Author                   = {Starace, Anthony F.},
  Journal                  = {Phys. Rev. A},
  Year                     = {1971},

  Month                    = {Apr},
  Pages                    = {1242--1245},
  Volume                   = {3}
}

@Article{Ismail-Beigi2001,
  Title                    = {Coupling of Nonlocal Potentials to Electromagnetic Fields},
  Author                   = {Ismail-Beigi, Sohrab and Chang, Eric K. and Louie, Steven G.},
  Journal                  = {Phys. Rev. Lett.},
  Year                     = {2001},

  Month                    = {Aug},
  Pages                    = {087402},
  Volume                   = {87}
}


@Article{Pickard2003,
  Title                    = {Nonlocal Pseudopotentials and Magnetic Fields},
  Author                   = {Pickard, Chris J. and Mauri, Francesco},
  Journal                  = {Phys. Rev. Lett.},
  Year                     = {2003},

  Month                    = {Nov},
  Pages                    = {196401},
  Volume                   = {91}
}

@Article{Read1991,
  Title                    = {Calculation of optical matrix elements with nonlocal pseudopotentials},
  Author                   = {Read, A. J. and Needs, R. J.},
  Journal                  = {Phys. Rev. B},
  Year                     = {1991},

  Month                    = {Dec},
  Pages                    = {13071--13073},
  Volume                   = {44}
}



@Article{Allen1981,
  Title                    = {Theory of the temperature dependence of the direct gap of germanium},
  Author                   = {Allen, P. B. and Cardona, M.},
  Journal                  = {Phys. Rev. B},
  Year                     = {1981},

  Month                    = {Feb},
  Pages                    = {1495--1505},
  Volume                   = {23}
}


@Article{Morel1962,
  Title                    = {Calculation of the Superconducting State Parameters with Retarded Electron-Phonon Interaction},
  Author                   = {Morel, P. and Anderson, P. W.},
  Journal                  = {Phys. Rev.},
  Year                     = {1962},

  Month                    = {Feb},
  Pages                    = {1263--1271},
  Volume                   = {125}
}

@Article{McMillan1965,
  Title                    = {Lead Phonon Spectrum Calculated from Superconducting Density of States},
  Author                   = {McMillan, W. L. and Rowell, J. M.},
  Journal                  = {Phys. Rev. Lett.},
  Year                     = {1965},

  Month                    = {Jan},
  Pages                    = {108--112},
  Volume                   = {14}
}

@Article{Savrasov1992,
  Title                    = {Linear response calculations of lattice dynamics using muffin-tin basis sets},
  Author                   = {Savrasov, S. Yu.},
  Journal                  = {Phys. Rev. Lett.},
  Year                     = {1992},

  Month                    = {Nov},
  Pages                    = {2819--2822},
  Volume                   = {69}
}

@Article{Giustino2016,
  Title                    = {Electron-phonon interactions from first principles},
  Author                   = {Giustino, F.},
  Journal                  = {http://arxiv.org/abs/1603.06965},
  Year                     = {2016}
}



@Article{Holcomb1996,
  Title                    = {Finite-temperature real-energy-axis solutions of the isotropic {E}liashberg integral equations},
  Author                   = {Holcomb, M. J.},
  Journal                  = {Phys. Rev. B},
  Year                     = {1996},

  Month                    = {Sep},
  Pages                    = {6648--6660},
  Volume                   = {54}
}


@Article{Schrieffer1963,
  Title                    = {Effective Tunneling Density of States in Superconductors},
  Author                   = {Schrieffer, J. R. and Scalapino, D. J. and Wilkins, J. W.},
  Journal                  = {Phys. Rev. Lett.},
  Year                     = {1963},

  Month                    = {Apr},
  Pages                    = {336--339},
  Volume                   = {10}
}

@Article{Vidberg1977,
  Title                    = {Solving the {E}liashberg equations by means ofN-point Pad\'e approximants},
  Author                   = {Vidberg, H.J. and Serene, J.W.},
  Journal                  = {J. Low Temp. Phys.},
  Year                     = {1977},
  Number                   = {3-4},
  Pages                    = {179-192},
  Volume                   = {29}
}

@Article{Leavens1985,
  Title                    = {Extension of the N-point Pad\'e approximants solution of the {E}liashberg equations to {T}$\approx$ {T}$_c$ },
  Author                   = {C.R. Leavens and D.S. Ritchie},
  Journal                  = {Solid State Commun.},
  Year                     = {1985},
  Number                   = {2},
  Pages                    = {137 - 142},
  Volume                   = {53}
}



@Article{Pickett1982,
  Title                    = {Generalization of the theory of the electron-phonon interaction: Thermodynamic formulation of superconducting- and normal-state properties},
  Author                   = {Pickett, Warren E.},
  Journal                  = {Phys. Rev. B},
  Year                     = {1982},

  Month                    = {Aug},
  Pages                    = {1186--1207},
  Volume                   = {26}
}

@Article{Sanna2012,
  Title                    = {Phononic self-energy effects and superconductivity in {CaC}$_6$},
  Author                   = {Sanna, A. and Pittalis, S. and Dewhurst, J. K. and Monni, M. and Sharma, S. and Ummarino, G. and Massidda, S. and Gross, E. K. U.},
  Journal                  = {Phys. Rev. B},
  Year                     = {2012},

  Month                    = {May},
  Pages                    = {184514},
  Volume                   = {85}
}

@Article{Carbotte1990,
  Title                    = {Properties of boson-exchange superconductors},
  Author                   = {Carbotte, J. P.},
  Journal                  = {Rev. Mod. Phys.},
  Year                     = {1990},

  Month                    = {Oct},
  Pages                    = {1027--1157},
  Volume                   = {62}
}

@Article{Garland1967,
  Title                    = {Band-Structure Effects in Superconductivity. {I}. Formalism},
  Author                   = {Garland, J. W.},
  Journal                  = {Phys. Rev.},
  Year                     = {1967},

  Month                    = {Jan},
  Pages                    = {460--481},
  Volume                   = {153}
}

@Article{Chakraborty1978a,
  Title                    = {Theory of temperature dependence of optical properties of solids},
  Author                   = {B Chakraborty and P B Allen},
  Journal                  = {J. Phys. C},
  Year                     = {1978},
  Pages                    = {L9},
  Volume                   = {11}
}


@Book{Marsiglio2008,
  Title                    = {Superconductivity},
  Author                   = {Marsiglio, F.  and Carbotte, J. P.},
  Editor                   = {Bennemann, Karl-Heinz and Ketterson, John B.},
  Publisher                = {Springer},
  Year                     = {2008}
}

@Book{Fetter2003,
  Title                    = {Quantum theory of many-particle systems},
  Author                   = {Alexander L. Fetter and John Dirk Walecka},
  Publisher                = {Dover Publications},
  Year                     = {2003}
}

@Book{Abrikosov1963,
  Title                    = {Methods of Quantum Field Theory in Statistical Physics},
  Author                   = {Abrikosov, A. A. and Gor'kov, L. P. and Gor'kov, L. P., I. Ye.},
  Editor                   = {IIaar, D. Ter},
  Publisher                = {Pergamon Press},
  Year                     = {1963}
}



@Book{Bougrov2001,
  Title                    = {Properties of Advanced Semiconductor Materials {GaN}, {AlN}, {InN}, {BN}, {SiC}, {SiGe}},
  Author                   = {Bougrov, V. and Levinshtein, M.E. and Rumyantsev, S.L. and Zubrilov, A.},
  Publisher                = {John Wiley \& Sons},
  Year                     = {2001},
  Pages                    = {1-30}
}

@Article{Yang2001,
  Title                    = {Order Parameter of {MgB}$_2$: A Fully Gapped Superconductor},
  Author                   = {Yang, H. D. and Lin, J.-Y. and Li, H. H. and Hsu, F. H. and Liu, C. J. and Li, S.-C. and Yu, R.-C. and Jin, C.-Q.},
  Journal                  = {Phys. Rev. Lett.},
  Year                     = {2001},

  Month                    = {Sep},
  Pages                    = {167003},
  Volume                   = {87}
}


@Article{Siegle1997,
  Title                    = {Zone-boundary phonons in hexagonal and cubic {GaN}},
  Author                   = {Siegle, H. and Kaczmarczyk, G. and Filippidis, L. and Litvinchuk, A. P. and Hoffmann, A. and Thomsen, C.},
  Journal                  = {Phys. Rev. B},
  Year                     = {1997},

  Month                    = {Mar},
  Pages                    = {7000--7004},
  Volume                   = {55}
}


@Article{Ruf2001,
  Title                    = {Phonon Dispersion Curves in Wurtzite-Structure {GaN} Determined by Inelastic {X}-Ray Scattering},
  Author                   = {Ruf, T. and Serrano, J. and Cardona, M. and Pavone, P. and Pabst, M. and Krisch, M. and D'Astuto, M. and Suski, T. and Grzegory, I. and Leszczynski, M.},
  Journal                  = {Phys. Rev. Lett.},
  Year                     = {2001},

  Month                    = {Jan},
  Pages                    = {906--909},
  Volume                   = {86}
}

@Book{Yu2010,
  Title                    = {Fundamental of Semiconductors},
  Author                   = {P. Y. Yu and M. Cardona},
  Editor                   = {H. E. Stanley and W. T. Rhodes},
  Publisher                = {Springer},
  Year                     = {2010}
}

@Article{Engelsberg1963,
  Title                    = {Coupled Electron-Phonon System},
  Author                   = {Engelsberg, S. and Schrieffer, J. R.},
  Journal                  = {Phys. Rev.},
  Year                     = {1963},

  Month                    = {Aug},
  Pages                    = {993--1008},
  Volume                   = {131}
}

@Article{Baumann1974,
  Title                    = {On the Temperature Dependence of the Band-Gap in Semiconductors},
  Author                   = {Baumann, K.},
  Journal                  = {physica status solidi (b)},
  Year                     = {1974},
  Number                   = {1},
  Pages                    = {K71--K74},
  Volume                   = {63}
}

@Article{Allen1976,
  Title                    = {Theory of the temperature dependence of electronic band structures},
  Author                   = {P B Allen and V Heine},
  Journal                  = {J. Phys. C},
  Year                     = {1976},
  Pages                    = {2305},
  Volume                   = {9}
}

@Article{Allen1978a,
  Title                    = {Solids with thermal or static disorder. {I}. One-electron properties},
  Author                   = {Allen, P. B.},
  Journal                  = {Phys. Rev. B},
  Year                     = {1978},
  Month                    = {Nov},
  Pages                    = {5217--5224},
  Volume                   = {18}
}

@Article{Allen1976a,
  Title                    = {Fermi-surface harmonics: A general method for nonspherical problems. Application to {B}oltzmann and {E}liashberg equations},
  Author                   = {Allen, Philip B.},
  Journal                  = {Phys. Rev. B},
  Year                     = {1976},
  Month                    = {Feb},
  Pages                    = {1416--1427},
  Volume                   = {13}
}

@Article{Markowitz1963,
  Title                    = {Effect of Impurities upon Critical Temperature of Anisotropic Superconductors},
  Author                   = {Markowitz, David and Kadanoff, Leo P.},
  Journal                  = {Phys. Rev.},
  Year                     = {1963},

  Month                    = {Jul},
  Pages                    = {563--575},
  Volume                   = {131}
}



@Article{Bardeen1957,
  Title                    = {Theory of Superconductivity},
  Author                   = {Bardeen, J. and Cooper, L. N. and Schrieffer, J. R.},
  Journal                  = {Phys. Rev.},
  Year                     = {1957},

  Month                    = {Dec},
  Pages                    = {1175--1204},
  Volume                   = {108}
}

@Book{Gennes1999,
  Title                    = {Superconductivity Of Metals And Alloys},
  Author                   = {P. G. De Gennes},
  Publisher                = {Westview Press},
  Year                     = {1999}
}


@Article{Bardeen1964,
  Title                    = {Free-Energy Difference Between Normal and Superconducting States},
  Author                   = {Bardeen, John and Stephen, Michael},
  Journal                  = {Phys. Rev.},
  Year                     = {1964},

  Month                    = {Dec},
  Pages                    = {A1485--A1487},
  Volume                   = {136}
}


@Article{Perdew1992a,
  Title                    = {Atoms, molecules, solids, and surfaces: Applications of the generalized gradient approximation for exchange and correlation},
  Author                   = {Perdew, John P. and Chevary, J. A. and Vosko, S. H. and Jackson, Koblar A. and Pederson, Mark R. and Singh, D. J. and Fiolhais, Carlos},
  Journal                  = {Phys. Rev. B},
  Year                     = {1992},

  Month                    = {Sep},
  Pages                    = {6671--6687},
  Volume                   = {46}
}



@Article{Bachelet1982,
  Title                    = {Pseudopotentials that work: From H to Pu},
  Author                   = {Bachelet, G. B. and Hamann, D. R. and Schl\"uter, M.},
  Journal                  = {Phys. Rev. B},
  Year                     = {1982},

  Month                    = {Oct},
  Pages                    = {4199--4228},
  Volume                   = {26}
}



@Article{McMillan1968,
  Title                    = {Transition Temperature of Strong-Coupled Superconductors},
  Author                   = {McMillan, W. L.},
  Journal                  = {Phys. Rev.},
  Year                     = {1968},

  Month                    = {Mar},
  Pages                    = {331--344},
  Volume                   = {167}
}

@Article{Migdal1958,
  Title                    = {Interaction between Electrons and Lattice Vibrations in a Normal Metal},
  Author                   = {A.B. Migdal},
  Journal                  = {Sov. Phys. JETP},
  Year                     = {1958},
  Pages                    = {996},
  Volume                   = {34}
}

@Article{Gorkov1958,
  Title                    = {On the energy spectrum of Superconductors},
  Author                   = {Gor'kov, L. P.},
  Journal                  = {Sov. Phys. JETP},
  Year                     = {1958},
  Pages                    = {505},
  Volume                   = {7}
}


@Article{Eliashberg1960,
  Title                    = {Interactions between Electrons and Lattice Vibrations in a Superconductor},
  Author                   = {G.M. Eliashberg},
  Journal                  = {Sov. Phys. JETP},
  Year                     = {1960},
  Pages                    = {696},
  Volume                   = {11}
}

@Article{Eliashberg1961,
  Title                    = {Temperature {G}reen's Function for Electrons in a Superconductor},
  Author                   = {G.M. Eliashberg},
  Journal                  = {Sov. Phys. JETP},
  Year                     = {1961},
  Pages                    = {1000},
  Volume                   = {12}
}

@Article{Eliashberg1963,
  Title                    = {The low temperature specific heat of metals},
  Author                   = {G.M. Eliashberg},
  Journal                  = {Sov. Phys. JETP},
  Year                     = {1963},
  Pages                    = {780},
  Volume                   = {16}
}


@Article{Linscheid2015a,
  Title                    = {\textit{Ab initio} theory of superconductivity in a magnetic field. {II}. Numerical solution},
  Author                   = {Linscheid, A. and Sanna, A. and Gross, E. K. U.},
  Journal                  = {Phys. Rev. B},
  Year                     = {2015},

  Month                    = {Jul},
  Pages                    = {024506},
  Volume                   = {92}
}



@Article{Linscheid2015,
  Title                    = {\textit{Ab initio} theory of superconductivity in a magnetic field. {I}. Spin density functional theory for superconductors and {E}liashberg equations},
  Author                   = {Linscheid, A. and Sanna, A. and Essenberger, F. and Gross, E. K. U.},
  Journal                  = {Phys. Rev. B},
  Year                     = {2015},

  Month                    = {Jul},
  Pages                    = {024505},
  Volume                   = {92}
}

@Article{Marques2005,
  Title                    = {\textit{Ab initio} theory of superconductivity. {II}. {A}pplication to elemental metals},
  Author                   = {Marques, M. A. L. and L\"uders, M. and Lathiotakis, N. N. and Profeta, G. and Floris, A. and Fast, L. and Continenza, A. and Gross, E. K. U. and Massidda, S.},
  Journal                  = {Phys. Rev. B},
  Year                     = {2005},

  Month                    = {Jul},
  Pages                    = {024546},
  Volume                   = {72}
}

@Article{Allen1975,
  Title                    = {Transition temperature of strong-coupled superconductors reanalyzed},
  Author                   = {Allen, P. B. and Dynes, R. C.},
  Journal                  = {Phys. Rev. B},
  Year                     = {1975},

  Month                    = {Aug},
  Pages                    = {905--922},
  Volume                   = {12}
}

@Article{Bazhirov2010,
  Title                    = {Superconductivity and electron-phonon coupling in lithium at high pressures},
  Author                   = {Bazhirov, Timur and Noffsinger, Jesse and Cohen, Marvin L.},
  Journal                  = {Phys. Rev. B},
  Year                     = {2010},

  Month                    = {Nov},
  Pages                    = {184509},
  Volume                   = {82}
}


@Article{Li2015,
  Title                    = {Electrical transport limited by electron-phonon coupling from {B}oltzmann transport equation: An \textit{ab initio} study of {Si}, {Al}, and {MoS}$_2$},
  Author                   = {Li, Wu},
  Journal                  = {Phys. Rev. B},
  Year                     = {2015},

  Month                    = {Aug},
  Pages                    = {075405},
  Volume                   = {92}
}

@InProceedings{Rideau2011,
  Title                    = {Electron-phonon scattering in {Si} and {Ge}: From bulk to nanodevices},
  Author                   = {Rideau, D. and Zhang, W. and Niquet, Y.M. and Delerue, C. and Tavernier, C. and Jaouen, H.},
  Booktitle                = {Simulation of Semiconductor Processes and Devices (SISPAD), 2011 International Conference on},
  Year                     = {2011},
  Month                    = {Sept},
  Pages                    = {47-50}
}

@Article{Bernardi2014,
  Title                    = {\textit{Ab Initio} Study of Hot Carriers in the First Picosecond after Sunlight Absorption in Silicon},
  Author                   = {Bernardi, Marco and Vigil-Fowler, Derek and Lischner, Johannes and Neaton, Jeffrey B. and Louie, Steven G.},
  Journal                  = {Phys. Rev. Lett.},
  Year                     = {2014},

  Month                    = {Jun},
  Pages                    = {257402},
  Volume                   = {112}
}

@Article{Tandon2015,
  Title                    = {Electron-phonon interaction and scattering in {Si} and {Ge}: Implications for phonon engineering},
  Author                   = {Tandon, Nandan and Albrecht, J. D. and Ram-Mohan, L. R.},
  Journal                  = {J. Appl. Phys.},
  Year                     = {2015},
  Pages                    = {4},
  Volume                   = {118}
}

@article{Qiu2015,
  author={Bo Qiu and Zhiting Tian and Ajit Vallabhaneni and Bolin Liao and Jonathan M. Mendoza and Oscar D. Restrepo and Xiulin
Ruan and Gang Chen},
  title={First-principles simulation of electron mean-free-path spectra and thermoelectric properties in silicon},
  journal={Europhys. Lett.},
  volume={109},
  number={5},
  pages={57006},
  year={2015},
}


@Article{Sun2012,
  Title                    = {The intrinsic electrical breakdown strength of insulators from first principles},
  Author                   = {Sun, Y. and Boggs, S. A. and Ramprasad, R.},
  Journal                  = {Appl. Phys. Lett.},
  Year                     = {2012},
  pages                    = {13},
  Volume                   = {101}
}

	


@Book{OMara1990,
  Title                    = {Handbook of Semiconductor Silicon Technology},
  Editor                   = {O'Mara, William C.  and Haber, Robert B.  and  Hunt, Lee P.},
  Publisher                = {William Andrew},
  Year                     = {1990}
}


@Article{Nilsson1972,
  Title                    = {Study of the Homology between Silicon and Germanium by Thermal-Neutron Spectrometry},
  Author                   = {Nilsson, G. and Nelin, G.},
  Journal                  = {Phys. Rev. B},
  Year                     = {1972},

  Month                    = {Nov},
  Pages                    = {3777--3786},
  Volume                   = {6}
}

@Article{Dolling1963,
  Title                    = {Symp. Inelastic Scattering of Neutrons in Solids and Liquids},
  Author                   = {G. Dolling},
  Journal                  = {IAEA},
  Year                     = {1963},
  Pages                    = {37},
  Volume                   = {2}
}

@Book{Grimvall1981,
  Title                    = {The electron-phonon interaction in metals},
  Author                   = {Grimvall, G\"oran},
  Publisher                = {North-Holland Publishing Company},
  Year                     = {1981}
}

@Book{Ziman1960,
  Title                    = {Electrons and Phonons},
  Author                   = {Ziman, J.M.},
  Editor                   = {Mott, N.F. and Bullard E.C. and Wilkinson D.H.},
  Publisher                = {Oxford University Press},
  Year                     = {1960}
}

@InCollection{Blount1962,
  Title                    = {Formalisms of Band Theory},
  Author                   = {E.I. Blount},
  Publisher                = {Academic Press},
  Year                     = {1962},
  Editor                   = {Frederick Seitz and David Turnbull},
  Pages                    = {305 - 373},
  Series                   = {Solid State Physics },
  Volume                   = {13}
}

@Article{Rohlfing2000,
  Title                    = {Electron-hole excitations and optical spectra from first principles},
  Author                   = {Rohlfing, Michael and Louie, Steven G.},
  Journal                  = {Phys. Rev. B},
  Year                     = {2000},

  Month                    = {Aug},
  Pages                    = {4927--4944},
  Volume                   = {62}
}

@Article{Yates2007,
  Title                    = {Spectral and Fermi surface properties from Wannier interpolation},
  Author                   = {Yates, Jonathan R. and Wang, Xinjie and Vanderbilt, David and Souza, Ivo},
  Journal                  = {Phys. Rev. B},
  Year                     = {2007},

  Month                    = {May},
  Pages                    = {195121},
  Volume                   = {75}
}

@Book{Ashcroft1976,
  Title                    = {Solid State Physics},
  Author                   = {Ashcroft, N. W. and Mermin, N.},
  Publisher                = {Brooks/Cole},
  Year                     = {1976}
}

@Article{Janssen2016,
  Title                    = {Accurate effective masses from density functional perturbation theory},
  Author                   = {Janssen, J. L. and  Gillet, Y and  Ponc\'e, S. and Martin, A.  and Torrent, M. and  Gonze, X.},
  Journal                  = {Phys. Rev. B (accepted)},
  Year                     = {2016}
}

@Article{Choi2003,
  Title                    = {Anisotropic {E}liashberg theory of {MgB}$_2$: {Tc}, isotope effects, superconducting energy gaps, quasiparticles, and specific heat },
  Author                   = {Hyoung Joon Choi and Marvin L. Cohen and Steven G. Louie},
  Journal                  = {Phys. C},
  Year                     = {2003},
  Number                   = {1–2},
  Pages                    = {66 - 74},
  Volume                   = {385}
}

@Article{Choi2002a,
  Title                    = {First-principles calculation of the superconducting transition in {MgB}$_2$ within the anisotropic Eliashberg formalism},
  Author                   = {Choi, Hyoung Joon and Roundy, David and Sun, Hong and Cohen, Marvin L. and Louie, Steven G.},
  Journal                  = {Phys. Rev. B},
  Year                     = {2002},

  Month                    = {Jul},
  Pages                    = {020513},
  Volume                   = {66}
}

@Article{Nagamatsu2001,
  Title                    = {Superconductivity at 39 {K} in magnesium diboride},
  Author                   = {Nagamatsu, J. and Nakagawa, N. and Muranaka, T. and Zenitani, Y. and Akimits, J.},
  Journal                  = {Nature},
  Year                     = {2001},
  Pages                    = {63},
  Volume                   = {410}
}


@Article{Floris2005,
  Title                    = {Superconducting Properties of {MgB}$_2$ from First Principles},
  Author                   = {Floris, A. and Profeta, G. and Lathiotakis, N. N. and L\"uders, M. and Marques, M. A. L. and Franchini, C. and Gross, E. K. U. and Continenza, A. and Massidda, S.},
  Journal                  = {Phys. Rev. Lett.},
  Year                     = {2005},

  Month                    = {Jan},
  Pages                    = {037004},
  Volume                   = {94}
}

@Article{Choi2002,
  Title                    = {The origin of the anomalous superconducting properties of {MgB}$_2$},
  Author                   = {Choi, Hyoung Joon and Roundy, David and Sun, Hong and Cohen, Marvin L. and Louie, Steven G.},
  Journal                  = {Nature},
  Year                     = {2002},
  Pages                    = {758},
  Volume                   = {418}
}

@Article{Kortus2001,
  Title                    = {Superconductivity of Metallic Boron in {MgB}$_2$},
  Author                   = {Kortus, J. and Mazin, I. I. and Belashchenko, K. D. and Antropov, V. P. and Boyer, L. L.},
  Journal                  = {Phys. Rev. Lett.},
  Year                     = {2001},

  Month                    = {May},
  Pages                    = {4656--4659},
  Volume                   = {86}
}

@Article{Liu2001,
  Title                    = {Beyond {E}liashberg Superconductivity in {MgB}$_2$: Anharmonicity, Two-Phonon Scattering, and Multiple Gaps},
  Author                   = {Liu, Amy Y. and Mazin, I. I. and Kortus, Jens},
  Journal                  = {Phys. Rev. Lett.},
  Year                     = {2001},

  Month                    = {Aug},
  Pages                    = {087005},
  Volume                   = {87}
}

@Article{Giubileo2001,
  Title                    = {Two-Gap State Density in {MgB}$_2$: A True Bulk Property Or A Proximity Effect?},
  Author                   = {Giubileo, F. and Roditchev, D. and Sacks, W. and Lamy, R. and Thanh, D. X. and Klein, J. and Miraglia, S. and Fruchart, D. and Marcus, J. and Monod, Ph.},
  Journal                  = {Phys. Rev. Lett.},
  Year                     = {2001},

  Month                    = {Oct},
  Pages                    = {177008},
  Volume                   = {87}
}

@Article{Bohnen2001,
  Title                    = {Phonon Dispersion and Electron-Phonon Coupling in {MgB}$_2$ and {AlB}$_2$},
  Author                   = {Bohnen, K.-P. and Heid, R. and Renker, B.},
  Journal                  = {Phys. Rev. Lett.},
  Year                     = {2001},
  Month                    = {Jun},
  Pages                    = {5771--5774},
  Volume                   = {86}
}

@Article{Eiguren2008,
  Title                    = {Wannier interpolation scheme for phonon-induced potentials: Application to bulk {MgB}$_2$, {W}, and the $(1\ifmmode\times\else\texttimes\fi{}1)$ {H}-covered {W}(110) surface},
  Author                   = {Eiguren, Asier and Ambrosch-Draxl, Claudia},
  Journal                  = {Phys. Rev. B},
  Year                     = {2008},
  Month                    = {Jul},
  Pages                    = {045124},
  Volume                   = {78}
}

@Article{Calandra2010,
  Title                    = {Adiabatic and nonadiabatic phonon dispersion in a {W}annier function approach},
  Author                   = {Calandra, Matteo and Profeta, Gianni and Mauri, Francesco},
  Journal                  = {Phys. Rev. B},
  Year                     = {2010},

  Month                    = {Oct},
  Pages                    = {165111},
  Volume                   = {82}
}

@Article{Marsiglio1988,
  Title                    = {Iterative analytic continuation of the electron self-energy to the real axis},
  Author                   = {Marsiglio, F. and Schossmann, M. and Carbotte, J. P.},
  Journal                  = {Phys. Rev. B},
  Year                     = {1988},
  Month                    = {Apr},
  Pages                    = {4965--4969},
  Volume                   = {37}
}

@Article{Phillips1959,
  Title                    = {Heat Capacity of Aluminum between 0.1{K} and 4.0{K}},
  Author                   = {Phillips, Norman E.},
  Journal                  = {Phys. Rev.},
  Year                     = {1959},

  Month                    = {May},
  Pages                    = {676--685},
  Volume                   = {114}
}

@Article{Iavarone2002,
  Title                    = {Two-Band Superconductivity in {MgB}$_2$},
  Author                   = {Iavarone, M. and Karapetrov, G. and Koshelev, A. E. and Kwok, W. K. and Crabtree, G. W. and Hinks, D. G. and Kang, W. N. and Choi, Eun-Mi and Kim, Hyun Jung and Kim, Hyeong-Jin and Lee, S. I.},
  Journal                  = {Phys. Rev. Lett.},
  Year                     = {2002},

  Month                    = {Oct},
  Pages                    = {187002},
  Volume                   = {89}
}

@Article{Szabo2001,
  Title                    = {Evidence for Two Superconducting Energy Gaps in {MgB}$_2$ by Point-Contact Spectroscopy},
  Author                   = {Szab\'o, P. and Samuely, P. and Ka\ifmmode \check{c}\else \v{c}\fi{}mar\ifmmode \check{c}\else \v{c}\fi{}\'{\i}k, J. and Klein, T. and Marcus, J. and Fruchart, D. and Miraglia, S. and Marcenat, C. and Jansen, A. G. M.},
  Journal                  = {Phys. Rev. Lett.},
  Year                     = {2001},

  Month                    = {Sep},
  Pages                    = {137005},
  Volume                   = {87}
}

@Article{Gonnelli2002,
  Title                    = {Direct Evidence for Two-Band Superconductivity in {MgB}$_2$ Single Crystals from Directional Point-Contact Spectroscopy in Magnetic Fields},
  Author                   = {Gonnelli, R. S. and Daghero, D. and Ummarino, G. A. and Stepanov, V. A. and Jun, J. and Kazakov, S. M. and Karpinski, J.},
  Journal                  = {Phys. Rev. Lett.},
  Year                     = {2002},

  Month                    = {Nov},
  Pages                    = {247004},
  Volume                   = {89}
}

@Article{Cappelluti2002,
  Title                    = {High {T}$_c$ Superconductivity in {MgB}$_2$ by Nonadiabatic Pairing},
  Author                   = {Cappelluti, E. and Ciuchi, S. and Grimaldi, C. and Pietronero, L. and Str\"assler, S.},
  Journal                  = {Phys. Rev. Lett.},
  Year                     = {2002},

  Month                    = {Mar},
  Pages                    = {117003},
  Volume                   = {88}
}

@Article{Saitta2008,
  Title                    = {Giant Nonadiabatic Effects in Layer Metals: {R}aman Spectra of Intercalated Graphite Explained},
  Author                   = {Saitta, A. Marco and Lazzeri, Michele and Calandra, Matteo and Mauri, Francesco},
  Journal                  = {Phys. Rev. Lett.},
  Year                     = {2008},

  Month                    = {Jun},
  Pages                    = {226401},
  Volume                   = {100}
}


@Article{Pickett2003,
  Title                    = {Role of two dimensionality in {MgB}$_2$ },
  Author                   = {W.E. Pickett and J.M. An and H. Rosner and S.Y. Savrasov},
  Journal                  = {Phys. C},
  Year                     = {2003},
  Number                   = {1–2},
  Pages                    = {117 - 121},
  Volume                   = {387}
}

@Article{Wang2001,
  Title                    = {Specific heat in the superconducting and normal state (2-300 {K}, 0-16 {T}), and magnetic susceptibility of the 38 {K} superconductor {MgB}$_2$: evidence for a multicomponent gap },
  Author                   = {Yuxing Wang and Tomasz Plackowski and Alain Junod},
  Journal                  = {Phys. C},
  Year                     = {2001},
  Number                   = {3–4},
  Pages                    = {179 - 193},
  Volume                   = {355}
}

@Article{Bouquet2001,
  Title                    = {Specific Heat of {Mg}$^{11}${B}$_2$: Evidence for a Second Energy Gap},
  Author                   = {Bouquet, F. and Fisher, R. A. and Phillips, N. E. and Hinks, D. G. and Jorgensen, J. D.},
  Journal                  = {Phys. Rev. Lett.},
  Year                     = {2001},

  Month                    = {Jul},
  Pages                    = {047001},
  Volume                   = {87}
}

@Article{Moore1973,
  Title                    = {Absolute {S}eebeck coefficient of platinum from 80 to 340 {K} and the thermal and electrical conductivities of lead from 80 to 400 {K}},
  Author                   = {Moore, J. P. and Graves, R. S.},
  Journal                  = {J. Appl. Phys.},
  Year                     = {1973},
  Number                   = {3},
  Pages                    = {1174-1178},
  Volume                   = {44}
}

@Article{Cook1974,
  Title                    = {Thermal conductivity, electrical resistivity, and thermoelectric power of {Pb} from 260 to 550 {K}},
  Author                   = {Cook, J. G. and Laubitz, M. J. and Van der Meer, M. P.},
  Journal                  = {J. Appl. Phys.},
  Year                     = {1974},
  Number                   = {2},
  Pages                    = {510-513},
  Volume                   = {45}
}

@Article{Leadbetter1966,
  Title                    = {Energy of formation of lattice vacancies in lead from equilibrium resistivity and quenching studies},
  Author                   = { A. J. Leadbetter and D. M. T. Newsham and N. H. Picton },
  Journal                  = {Philos. Mag.},
  Year                     = {1966},
  Number                   = {122},
  Pages                    = {371-377},
  Volume                   = {13}
}

@Book{Hellwege1983,
  Title                    = {Metals: Electronic Transport Phenomena: Electrical Resistivity, {K}ondo and Spin Fluctuations Systems, Spin Glasses and Thermopower},
  Editor                   = {Hellwege, K.H. and Madelung, O.},
  Publisher                = {Springer},
  Year                     = {1983}
}


@Article{Eiguren2014,
  Title                    = {Helmholtz {F}ermi surface harmonics: an efficient approach for treating anisotropic problems involving {F}ermi surface integrals},
  Author                   = {Asier Eiguren and Idoia G Gurtubay},
  Journal                  = {New J. Phys.},
  Year                     = {2014},
  Number                   = {6},
  Pages                    = {063014},
  Volume                   = {16}
}



@Article{Abah2010,
  Title                    = {The effect of interband interactions of phonon and charge fluctuation on the superconducting parameters of {MgB}$_2$},
  Author                   = {Abah, O.C. and Asomba, G.C. and Okoye, C.M.I.},
  Journal                  = {Supercond. Sci. Technol.},
  Year                     = {2010},
  Pages                    = {4},
  Volume                   = {23}
}

@ARTICLE{Choi2009,
author={Choi, H.J. and Louie, S.G. and Cohen, M.L.},
title={Anisotropic {E}liashberg theory for superconductivity in compressed and doped {MgB}$_2$},
journal={Phys. Rev. B},
year={2009},
volume={79},
pages={9}
}

@ARTICLE{Xi2008,
author={Xi, X.X.},
title={Two-band superconductor magnesium diboride},
journal={Rep. Prog. Phys.},
year={2008},
volume={71},
pages={11}
}

@Article{Dolgov2005,
  Title                    = {Thermodynamics of two-band superconductors: The case of {MgB}$_2$},
  Author                   = {Dolgov, Oleg V. and Kremer, Reinhard K. and Kortus, Jens and Golubov, Alexander A. and Shulga, Sergei V.},
  Journal                  = {Phys. Rev. B},
  Year                     = {2005},

  Month                    = {Jul},
  Pages                    = {024504},
  Volume                   = {72}
}


@Article{Mishonov2005,
  Title                    = {Temperature dependence of specific heat and penetration depth of anisotropic-gap {B}ardeen-{C}ooper-{S}chrieffer superconductors for a factorizable pairing potential},
  Author                   = {Mishonov, T. M. and Klenov, S. I. and Penev, E. S.},
  Journal                  = {Phys. Rev. B},
  Year                     = {2005},

  Month                    = {Jan},
  Pages                    = {024520},
  Volume                   = {71}
}


@Article{Soda2004,
  Title                    = {Theory of the Superconductivity of {MgB}$_2$},
  Author                   = {Soda, Toshio and Fukumoto, Yoshiyuki},
  Journal                  = {Progr. Theor. Phys.},
  Year                     = {2004},
  Number                   = {5},
  Pages                    = {707-719},
  Volume                   = {111}
}

@Article{Punpocha2004,
  Title                    = {Calculation of {T}c and the ratio $2{\Delta}(0)/k${BT}$_c$ of {MgB}$_2$ within a two-band model of superconductivity },
  Author                   = {S. Punpocha and R. Hoonsawat and I.M. Tang},
  Journal                  = {Solid State Commun. },
  Year                     = {2004},
  Number                   = {3},
  Pages                    = {151 - 156},
  Volume                   = {129}
}

@Article{Hinks2000,
  Title                    = {The complex nature of superconductivity in {MgB}$_2$ as revealed by the reduced total isotope effect},
  Author                   = {Hinks, D. G. and Claus, H. and Jorgensen, J. D.},
  Journal                  = {Nature},
  Year                     = {2000},
  Pages                    = {457-460},
  Volume                   = {411}
}


@Article{Errea2015,
  Title                    = {High-Pressure Hydrogen Sulfide from First Principles: A Strongly Anharmonic Phonon-Mediated Superconductor},
  Author                   = {Errea, Ion and Calandra, Matteo and Pickard, Chris J. and Nelson, Joseph and Needs, Richard J. and Li, Yinwei and Liu, Hanyu and Zhang, Yunwei and Ma, Yanming and Mauri, Francesco},
  Journal                  = {Phys. Rev. Lett.},
  Year                     = {2015},

  Month                    = {Apr},
  Pages                    = {157004},
  Volume                   = {114}
}

@Article{Li2014a,
  Title                    = {The metallization and superconductivity of dense hydrogen sulfide},
  Author                   = {Li, Yinwei and Hao, Jian and Liu, Hanyu and Li, Yanling and Ma, Yanming},
  Journal                  = {J. Chem. Phys.},
  Year                     = {2014},
  Pages                    = {17},
  Volume                   = {140}
}


@Article{Drozdov2015,
  Title                    = {Conventional superconductivity at 203 kelvin at high pressures in the sulfur hydride system},
  Author                   = {Drozdov, A. P.  and  Eremets, M. I. and Troyan, I. A. and  Ksenofontov, V. and Shylin, S. I.},
  Journal                  = {Nature},
  Year                     = {2015},
  Pages                    = {73-76},
  Volume                   = {525}
}

@Article{Chu2016,
  Title                    = {Room-temperature superconducting in sulfur hydrides },
  Author                   = {Kwang-Hua R. Chu},
  Journal                  = {Mater. Lett.},
  Year                     = {2016},
  Pages                    = {188 - 192},
  Volume                   = {172}
}

@Article{Flores-Livas2016,
  Title                    = {High temperature superconductivity in sulfur and selenium hydrides at high pressure},
  Author                   = {Flores-Livas, J. A. and Sanna, A. and Gross, E. K.U.},
  Journal                  = {Eur. Phys. J. B},
  Year                     = {2016},
  Pages                    = {63},
  Volume                   = {89}
}

@Article{Komelj2015,
  Title                    = {Electron-phonon coupling and exchange-correlation effects in superconducting ${\mathrm{H}}_{3}\mathrm{S}$ under high pressure},
  Author                   = {Komelj, Matej and Krakauer, Henry},
  Journal                  = {Phys. Rev. B},
  Year                     = {2015},

  Month                    = {Nov},
  Pages                    = {205125},
  Volume                   = {92}
}

@Article{Margine2016,
  Title                    = {Electron-phonon interaction and pairing mechanism in superconducting {Ca}-intercalated bilayer graphene},
  Author                   = {Margine, E. R. and Lambert, H. and Giustino, F.},
  Journal                  = {Sci. Rep.},
  Year                     = {2016},
  Pages                    = {21414},
  Volume                   = {6}
}

@Article{Aperis2015,
  Title                    = {\textit{Ab initio} theory of magnetic-field-induced odd-frequency two-band superconductivity in {MgB}$_2$},
  Author                   = {Aperis, Alex and Maldonado, Pablo and Oppeneer, Peter M.},
  Journal                  = {Phys. Rev. B},
  Year                     = {2015},
  Month                    = {Aug},
  Pages                    = {054516},
  Volume                   = {92}
}

@article{Momma2011,
author = "Momma, Koichi and Izumi, Fujio",
title = "{{\it VESTA3} for three-dimensional visualization of crystal, volumetric and morphology data}",
journal = "Journal of Applied Crystallography",
year = "2011",
volume = "44",
number = "6",
pages = "1272--1276"
}

